2225 4142
529 221 600 292 1112

105 448 207 500 tamen
230 453 305 496 vera
328 441 359 494 et
385 449 451 496 non
474 429 600 494 omnino
624 433 779 512 vulgaris,
807 434 904 500 multa
920 444 1031 496 antem

103 544 159 612 ite,
178 551 213 602 nt
234 532 375 618 vidimus,
400 541 527 602 confusa
548 551 579 600 et
597 517 799 620 perturbate,
825 539 920 598 fuisse
941 542 1031 600 antia

106 649 159 726 qni
190 646 320 708 alicuius
356 647 488 706 hominis
528 648 699 724 scriptum,
744 665 786 703 ex
822 665 885 722 quo
917 645 984 706 haec
1009 668 1031 706 a

105 753 307 832 grammaticis
340 761 487 828 excerpta
510 752 586 824 sint,
620 760 651 810 et
674 752 714 811 ad
745 749 880 808 infimam
905 759 1031 814 aetatcm

104 871 294 940 propagata,
340 838 388 916 its
424 868 459 918 ut
494 856 762 930 transscribendo,
800 855 1033 934 contrahendo,

104 968 252 1028 mutando
271 964 367 1024 multa
383 940 678 1041 corrumpisrentm
700 982 801 1039 neque
823 962 905 1022 enim
922 963 1031 1039 ipsum

55 1091 58 1098 ’
100 1070 196 1134 'illum
219 1071 343 1130 fontem,
360 1069 590 1148 bisinterpres
619 1069 712 1142 adiit,
746 1068 802 1126 sed
830 1088 871 1128 ex
888 1067 1029 1128 turbidis

106 1181 239 1238 aliorum
261 1175 375 1244 rivulis
397 1173 517 1244 hausit,
547 1185 583 1234 ut
602 1185 669 1234 tum
690 1195 730 1234 ex
752 1173 807 1232 illa
830 1173 1030 1236 diversarum

102 1283 326 1359 sententiarum
353 1281 644 1341 commemoratione
666 1299 697 1358 p-
722 1278 767 1342 26
787 1279 827 1336 ad
848 1279 917 1338 Aen
942 1279 983 1357 1,
1004 1280 1031 1343 2

27 1451 29 1466 Ι
105 1399 137 1448 et
161 1389 190 1464 3,
215 1388 419 1464 intelligitur,
446 1396 513 1446 tum
543 1407 585 1454 cx
610 1387 679 1462 ipsa
711 1384 873 1455 ieiunitate
904 1405 1027 1461 eornm,

105 1514 173 1574 quae,
195 1493 245 1552 hic
268 1489 444 1570 supersunt,
465 1490 501 1550 in
523 1492 635 1567 quibui
658 1491 726 1552 iere
743 1489 854 1549 ‘omnia
874 1489 1027 1550 doctioris

105 1608 137 1660 et
155 1583 337 1676 copiosioris
360 1597 562 1674 expositionis
581 1597 711 1674 vestigia
733 1595 854 1654 sublata
870 1604 961 1671 sunt,
992 1605 1027 1656 et

88 1702 321 1782 'frequentibus
345 1704 514 1769 erroribus.
561 1703 666 1780 Atque
691 1701 774 1760 hunc
797 1701 917 1760 iontem
939 1702 1028 1778 ipsos

103 1809 232 1870 Asconii
256 1805 357 1892 'veros
396 1808 631 1868 commentarios
655 1807 769 1879 tuisse,
806 1807 862 1866 rix
891 1791 1027 1869 ‹iubium

103 1913 181 1976 mihi
196 1915 330 1978 videtur.
356 1917 461 1992 Quum
479 1915 562 1976 enim
580 1913 666 1989 docti
681 1921 714 1972 et
731 1911 850 1988 antiqui
867 1921 899 1971 et
917 1931 1024 1989 gram-

102 2021 220 2112 maticis
248 2021 317 2082 noti
344 2019 478 2080 hominis
501 2001 637 2080 exitaret
664 2037 772 2092 rerum
798 2016 838 2076 ad
859 2015 1025 2080 historiam

102 2127 328 2206 pertinentium
351 2127 385 2188 in
399 2127 560 2188 Ciceronis
582 2125 775 2184 orationibus
796 2124 962 2199 enarratio,
979 2146 1024 2188 ne

103 2221 174 2292 fieri
201 2233 326 2309 quidem
353 2232 491 2308 potuisse
519 2232 663 2305 videtur,
697 2238 734 2288 nt
764 2249 828 2290 non
859 2229 918 2288 hoc
942 2229 1023 2290 duco

104 2337 139 2396 in
162 2334 222 2393 hoc
246 2354 360 2414 genere
381 2334 542 2394 interioris
566 2335 662 2393 estatis
684 2335 875 2411 grammatici
890 2345 1023 2396 uteren—

103 2449 167 2500 tur.
213 2442 415 2506 Suntautem
433 2438 552 2517 aliqua,
577 2458 644 2517 quse
663 2458 728 2512 non
746 2461 787 2499 ex
806 2422 913 2502 eorum
923 2483 933 2511 ,
950 2439 1023 2518 quae

100 2567 119 2606 a
142 2547 354 2624 superioribus
377 2546 492 2607 tradita
515 2555 619 2619 erant,
640 2546 878 2623 perturbatione
901 2547 956 2607 aed
979 2568 1024 2610 ex

100 2653 242 2731 ipsorum
264 2651 474 2712 recentiorum
491 2651 653 2716 hominurn
669 2652 855 2712 coniecturis
879 2662 949 2713 orte
968 2654 1023 2712 vi-

103 2759 233 2833 dentur,
268 2767 303 2818 ut
324 2775 390 2835 qnae
413 2757 599 2832 sdAct.1,
624 2758 666 2823 16
688 2776 720 2838 p·
740 2756 791 2824 41.
814 2760 930 2839 scripta
948 2769 1025 2822 sunt

103 2865 141 2922 ab
161 2863 334 2942 interprete
365 2864 414 2922 de
429 2863 485 2922 Cn.
509 2865 747 2941 Dolabella,⁹),
787 2869 882 2942 magis
915 2865 1019 2941 etiam,

103 2989 169 3047 quae
199 2989 230 3049 p.
255 2967 297 3036 22
327 2970 366 3030 an
390 2955 471 3056 niv,
497 2943 549 3036 it.
574 2973 614 3031 ne
635 2973 670 3030 r.
694 2971 850 3045 Lentulo,
877 2970 1022 3048 principe

103 3086 244 3136 senatus:
281 3080 348 3137 Hic
377 3089 421 3135 est
444 3097 560 3136 rerrnn
585 3080 713 3136 Lentuli
744 3080 834 3135 Surae
858 3088 953 3154 pater
983 3066 1022 3133 in
1060 3099 1066 3106 ·

102 3203 223 3242 carcere
250 3184 444 3261 strangulati
469 3196 611 3261 propter¹
628 3187 871 3240 coniurationem
878 3204 891 3254 ;
927 3201 1023 3241 avum

103 3285 217 3364 fuisse,
244 3287 364 3365 Cicero,
383 3288 456 3351 vel.
479 3285 622 3366 Maxim,
633 3277 710 3375 Dio.
722 3289 805 3348 Cass.
819 3284 1021 3367 testantur¹).

138 3519 168 3588 9)
188 3520 244 3590 yid·
262 3522 364 3576 Manui.
384 3538 409 3578 et
425 3528 510 3603 Garat.
528 3530 607 3587 adsh,
624 3531 644 3582 l.

140 3615 172 3681 Ῐ)“
188 3611 245 3668 Gie-
260 3617 289 3664 in
307 3612 383 3666 Catil·
404 3618 452 3684 111,
470 3621 498 3694 o,
517 3623 559 3674 10.
577 3622 627 3687 iv,
642 3620 670 3688 6,
689 3622 731 3675 13.
748 3619 813 3674 vn.
831 3619 907 3670 Max.
928 3616 971 3682 v,
989 3616 1020 3683 s,
