2225 4142
552 198 614 336 ee

73 447 75 454 ’
116 441 213 522 unum
239 461 311 521 satis
339 462 406 522 erit
432 439 650 522 documentum
675 460 915 535 demonstrarae3
953 461 1041 540 quod

116 566 150 626 in
174 567 392 628 commentario
411 568 450 626 ad
474 567 645 650 orationem
662 560 722 642 pro
740 566 861 626 Milone
884 569 972 643 ade.
997 564 1040 631 14

119 673 359 748 adnotationem,
384 693 450 750 quae
473 673 507 729 in
529 668 647 730 Graevii
670 668 745 728 edit.
768 670 1040 750 vigintiquinque

117 795 264 836 versuum
288 785 334 849 est
346 821 355 850 ,
390 777 600 853 pertinentem
621 773 660 832 ed
681 772 794 855 verba:
830 781 914 837 Hoee
944 782 1042 838 tetam

118 879 271 962 Appiam,
294 893 518 939 monumentum
547 882 683 952 neminie
708 881 778 948 eui,
805 880 904 954 ,nullo
927 881 1043 942 relicto

117 988 249 1071 vestigio
276 983 390 1046 omisit.
444 985 601 1044 Universa
621 994 725 1045 autem
748 981 935 1052 admonendi
956 997 1042 1056 sunt,

117 1091 173 1170 qui
200 1089 248 1149 hie
280 1087 488 1164 editionibus,
519 1091 555 1148 in
595 1087 706 1167 quibus
739 1088 911 1149 Ciceronis·
934 1085 1041 1151 verbis

117 1183 245 1256 Asconii
261 1197 475 1256 commentarii
493 1193 624 1254 subiecti
635 1203 716 1268 sunt,
737 1203 879 1269 utuntur,
901 1195 936 1259 in
950 1217 1040 1254 com-

116 1301 275 1360 mentariis
295 1302 339 1362 ita
358 1300 569 1379 discerpendis
591 1285 763 1375 necessario
786 1301 890 1376 multa,
911 1320 978 1378 quae
999 1302 1041 1361 ad

116 1425 228 1470 eorum
244 1405 377 1468 formam
388 1417 547 1468 externam
547 1406 783 1490 pertinerent,
782 1405 946 1466 obliterata
964 1427 1041 1483 esse,

116 1509 156 1572 de
175 1530 235 1590 qua
257 1533 293 1574 re
312 1514 413 1574 dicam
428 1514 521 1592 paulo
545 1501 628 1591 post}

205 1619 362 1696 Adparet,
400 1621 531 1698 opinor,
556 1627 671 1696 quanta
696 1616 794 1677 fuerit
822 1616 1016 1678 hominum
1004 1641 1043 1680 ιη

117 1723 299 1784 Asconianie
320 1725 502 1806 fragmentis
524 1724 692 1784 tractandis
704 1724 818 1801 partim
840 1725 1040 1802 nngigcntia,

115 1829 231 1904 partim
254 1831 381 1892 audacie
413 1839 444 1890 et
467 1830 643 1905 temeritas,
679 1829 734 1908 qui
763 1830 920 1890 interdum
943 1830 1040 1908 plane

117 1932 210 1991 obliti
228 1955 294 1996 ease
316 1938 480 2010 videntur,
510 1957 550 1996 ee
573 1938 608 1996 in
634 1944 741 1994 vetere
767 1935 883 2012 scripto
904 1939 1036 1996 versari

114 2038 191 2098 Ideo
212 2013 315 2102 autem
337 2053 359 2100 t
355 2061 400 2101 rm
421 2043 519 2102 multa
542 2041 582 2101 de
598 2040 661 2125 hac
682 2060 719 2099 re
741 2020 817 2114 diiii,
846 2039 981 2118 primum
1000 2054 1040 2104 ut

115 2143 318 2224 intelligatur,
339 2169 434 2228 quum
451 2148 511 2226 ipsi
535 2146 749 2208 commentarii
778 2156 841 2202 tam
864 2146 984 2206 foedati
1000 2171 1038 2210 ac

116 2255 258 2330 corrupti
273 2247 542 2327 circumferentur,
559 2273 623 2311 non
635 2270 701 2312 esee
717 2247 905 2324 verosimile,
922 2270 1035 2330 quem-

22 2414 26 2422 ,
116 2374 207 2433 quam
227 2379 267 2417 ex
286 2359 340 2434 iis,
366 2360 418 2436 qui
441 2357 615 2416 Asconiena
644 2353 831 2430 attigerunt,
865 2355 1038 2420 decorum

116 2481 230 2540 genere
254 2485 288 2523 ac
308 2465 429 2524 ratione
453 2462 631 2537 diligentius
657 2458 824 2535 cogitatae5
859 2462 971 2522 deinde
995 2485 1039 2526 ne
1107 2440 1108 2447 i

113 2569 191 2628 mihi
217 2570 251 2628 in
276 2571 396 2646 reliqua
411 2566 621 2644 disputatione
642 2565 902 2641 interpolaturum
918 2569 1042 2628 editio·
1106 2618 1107 2627 ,

113 2694 188 2736 uum
219 2657 384 2733 auctoritas
416 2673 600 2747 obiiciatur,
627 2681 786 2750 postremo
819 2682 871 2748 ut,
910 2673 937 2731 si
966 2675 1040 2752 quis

49 2757 52 2766 ¹
112 2787 186 2858 post
216 2777 279 2838 haec
307 2777 444 2838 studium
475 2779 514 2838 ad
544 2777 602 2839 hos
633 2776 869 2838 commentarios
898 2779 1041 2839 edendos

113 2883 354 2956 contulerint
355 2896 487 2962 ,spreta
506 2886 717 2947 recentiorum
735 2885 875 2953 levitate,
894 2881 1040 2947 firmiora
1105 2960 1106 2967 ἵ

113 2987 259 3050 editionis
288 3009 349 3049 suae
380 2991 581 3054 fundamenta
604 2993 712 3065 iaciat3
748 2991 843 3068 idque
868 2989 1038 3064 Orellium,

112 3095 154 3154 V.
171 3095 229 3170 ct,
250 3114 343 3172 spero
364 3097 528 3174 facturum,
554 3102 609 3176 qui
629 3099 741 3161 inCic,
757 3095 885 3176 op.v01.
902 3097 923 3158 1
946 3100 1039 3176 praef.

111 3220 144 3279 p.
160 3200 291 3264 xvxse
309 3203 436 3262 Asconii
453 3206 688 3266 commentarios
710 3204 749 3262 ed
768 3203 923 3262 librorum
941 3204 1040 3266 fidem
1104 3192 1105 3197 ἵ

113 3307 271 3368 editurum
302 3309 465 3384 promisit3
498 3330 563 3368 non
589 3311 651 3388 qrio
681 3307 891 3368 coniecturam
922 3311 1042 3371 exclu-
1103 3360 1104 3389 ,

112 3405 176 3474 sani
197 3415 300 3485 velim,
324 3434 414 3491 quern
434 3417 503 3494 ipse
530 3417 591 3476 ianr
620 3432 699 3492 saepe
721 3412 756 3472 in
778 3411 826 3497 hia
853 3413 1040 3489 fragmentis
1103 3396 1104 3431 ³

110 3508 240 3592 tentavi,
263 3521 318 3580 sed
335 3533 371 3582 ut
391 3544 427 3582 ea
440 3523 479 3584 ad
500 3523 614 3616 codicis
633 3521 717 3582 unici
730 3520 859 3598 vestigia
873 3521 1039 3600 dirigatur.

442 3677 703 3696 *tn-am

778 3777 781 3780 ’
885 3774 888 3782 '
1101 3776 1102 3793 i

347 3791 356 3842 ‘'
1101 3798 1102 3889 i

1100 3972 1102 4119 i
