2225 4142
373 349 383 372 ,
439 329 445 348 .
521 253 608 377 tes

85 486 204 601 ctum?
230 507 322 566 qnnm
344 483 507 543 haberetur
536 485 575 543 de
595 485 691 562 furto
712 490 854 564 quaestio,
883 491 1006 551 Strato-

84 613 154 650 nem
177 595 304 671 aliquid
325 576 362 650 'ate
392 613 505 650 veneno
534 613 598 648 esse
626 589 825 667 cinfemum?
858 611 1007 669 perversa

83 698 235 771 oratione,
258 698 411 758 sententia
427 697 523 758 nulla.
569 698 651 756 Nem
664 706 700 755 ut
719 697 745 753 is
762 697 916 780 efficretur
933 699 1014 760 sen-'

82 819 152 877 sus,
189 821 280 880 quem
303 803 445 863 Orellius
467 801 531 862 esse
555 805 641 877 vult,
677 803 810 862 debebat
831 824 906 863 sanc
936 823 1003 864 esse

81 911 210 976 veniret,
233 927 289 966 neo
312 909 412 980 ullum
436 909 564 968 alterius
593 907 684 966 istius
703 896 929 970 coniunctionis
948 930 1007 968 ex-

83 1012 220 1088 emplum
235 1011 341 1070 offerri
365 1014 499 1088 poterit3
521 1023 674 1090 repugnat
697 1013 780 1097 enim
798 1022 910 1072 natura
933 1034 1007 1072 ora-

81 1118 194 1188 tionis;
217 1117 341 1176 deinde
350 1128 462 1193 autem,
483 1117 509 1176 si
531 1118 612 1177 dixit
631 1120 665 1178 id
686 1118 795 1191 Sassia,
824 1128 860 1178 ut
878 1117 1006 1178 affirmat

82 1223 135 1283 vir
153 1205 373 1298 clarissimus,
369 1220 425 1282 oui
444 1221 642 1298 interrogat
637 1224 769 1284 Cicero:
794 1223 848 1281 An
873 1224 931 1281 lsoo
951 1225 1006 1280 dt-

82 1343 126 1389 ert
108 1331 181 1388 ns?
211 1337 264 1398 aut
286 1349 346 1407 quo
367 1337 485 1404 spectat
507 1328 581 1404 ipsa
592 1327 798 1405 parenthesis:
829 1327 917 1405 quid
924 1327 1006 1387 enim

83 1455 160 1512 opus
183 1443 238 1510 est,
255 1435 288 1493 in
306 1444 439 1493 mentem
454 1433 574 1506 venire,
597 1434 672 1511 quid
691 1434 754 1493 dici
773 1437 889 1510 possit,
912 1453 1007 1512 quum

84 1540 200 1600 dictrinr
231 1540 264 1598 id
295 1540 357 1598 sit?
381 1548 434 1598 aut
471 1559 527 1599 cur
556 1559 620 1596 non
651 1540 690 1598 ad
721 1534 802 1612 haec,
836 1555 902 1616 quae
923 1521 1005 1599 diets
1066 1591 1070 1597 ,

83 1655 172 1718 sunt,
201 1654 298 1702 totam
323 1642 564 1722 disputationem
595 1642 739 1700 confert?
767 1642 921 1720 Apertum
945 1655 1003 1719 est,

83 1750 222 1807 nondum
251 1746 311 1808 hoc
344 1770 362 1806 a
383 1749 483 1808 Sassia
517 1748 633 1804 dictum
663 1745 775 1819 fuisse,
821 1747 1031 1830 Ciceronem⁴

84 1854 310 1912 autemcallide
331 1853 375 1912 ita
399 1872 560 1930 occupare,
578 1859 625 1918 ut,
646 1848 671 1906 si
692 1859 801 1924 postea
818 1851 852 1910 id
873 1853 999 1930 dixerit,

84 1958 229 2018 videatur
255 1980 273 2016 a
293 1959 443 2017 Cicerone
472 1951 628 2018 admonita
649 1953 826 2044 verosimili
843 1959 1003 2018 mendacio

85 2065 144 2124 uti.
198 2063 273 2124 Haec
306 2083 400 2140 quum
429 2061 474 2120 ita
497 2063 578 2137 sint,
611 2081 648 2119 eo
676 2040 790 2136 magis*
809 2083 1005 2146 commovere

82 2188 141 2229 nos
160 2169 270 2243 debet,
305 2168 392 2245 quoti
418 2176 489 2246 post
512 2167 632 2253 tlietnm'
649 2185 753 2224 omnes
784 2167 862 2250 fere¹
884 2169 1003 2228 codices

84 2270 133 2350 (ut
153 2293 256 2333 omnes
278 2271 473 2348 sex'Oxon.)
494 2271 610 2330 addunt
633 2285 815 2347 mementote,
840 2275 923 2351 qnod
943 2266 1004 2332 ro-

82 2379 228 2438 cabulum
243 2353 331 2458 'quod
353 2399 371 2435 a
389 2377 529 2438 'libreriis
558 2397 623 2437 esse
641 2386 772 2454 putant,
803 2382 903 2456 neque
928 2379 1004 2457 quid

81 2481 281 2561 interpretati
302 2483 439 2571 illi-sint,
459 2492 512 2542 eut
531 2503 593 2561 quo
615 2479 706 2542 sensu
728 2483 761 2542 id
786 2483 925 2542 additum
948 2485 1000 2542 in-

86 2587 281 2662 tellexerint,
305 2587 419 2661 dicunt,
442 2607 542 2664 neque
562 2588 645 2646 unde
665 2586 718 2647 iric
738 2570 1003 2649 iudiceseecunda

82 2677 216 2772 persone
247 2693 342 2752 verbi
366 2694 526 2770 appellere
549 2692 686 2751 librariis
715 2695 749 2752 in
766 2703 913 2782 'mentem
945 2716 1004 2755 ve-

81 2799 176 2858 nerit.
231 2799 318 2858 Vera
343 2797 434 2857 huius
463 2794 525 2857 loci
554 2798 650 2857 lectio
681 2799 806 2858 restitui
832 2807 935 2875 potest
962 2820 1004 2858 ex
1035 2863 1038 2868 ,

82 2905 150 2962 eod.
182 2904 367 2978 Oxou-C„
397 2905 431 2962 in
469 2924 529 2982 quo
560 2924 620 2981 pro
664 2917 740 2962 erret
774 2904 924 2980 scriptum
957 2912 1005 2962 est
1044 2938 1049 2949 ,

83 3029 164 3082 eree,
191 3009 273 3084 quod
299 3009 332 3068 in
366 3006 434 3068 aliis
458 3029 580 3088 quoque
608 3029 672 3066 non
690 3009 796 3085 paucis
818 3005 914 3066 fuisse
937 3027 1004 3067 non
1054 3019 1062 3036 ‘

84 3113 226 3190 dubito,
255 3115 386 3192 Scripsit
410 3115 507 3192 igitur
533 3113 664 3178 Cicero:
704 3115 759 3171 An
789 3113 846 3170 hoc
882 3113 1002 3184 dicitis,

83 3215 182 3293 (milri
220 3209 300 3276 enim
328 3215 411 3276 v'enit
436 3224 470 3277 in
499 3217 645 3290 mentem,
682 3217 763 3295 quid
791 3217 857 3276 dici
888 3222 1000 3297 possit,

41 3333 43 3354 ¹
81 3313 206 3382 tametsi
229 3325 332 3384 adhuc
357 3345 417 3382 non
442 3345 505 3386 esse
528 3324 654 3397 dictum,
678 3323 887 3395 mementote),
908 3344 1007 3410 quum

81 3426 246 3488 haberetur
270 3431 307 3489 de
320 3429 415 3506 jnrto
435 3432 565 3516 quoeetio
585 3431 639 3488 &o
697 3428 806 3488 Subito
827 3429 1002 3515 orationem

82 3532 124 3592 ad
141 3531 256 3594 iudices
280 3537 403 3612 avertit,
426 3546 461 3596 ut
480 3535 557 3596 alibi
577 3554 657 3623 saepe
675 3532 759 3599 facit.

71 3645 73 3650 ,
359 3624 362 3660 ι
