2225 4142
502 223 568 306 ,57

295 492 339 522 11
408 531 410 538 Ι
507 437 579 528 1114

216 549 219 555 ,
905 530 916 556 N

77 541 154 652 Sed
175 583 321 668 'quoniam
340 589 379 649 de
401 588 448 668 iis,
475 609 542 668 quae
559 591 599 651 ad
615 589 743 651 Asconii
763 593 997 652 commentarios

79 701 248 784 pertinent,
272 694 416 778 diximus,
438 703 477 761 de
502 702 583 779 ipsis
602 698 828 761 commentariis
853 706 996 784 deinceps

81 809 243 870 dicendum
264 807 333 868 erit.
380 809 418 868 In
442 827 504 896 qno
527 817 599 867 ante
624 809 727 866 omnia
750 810 998 871 constituendum

11 963 12 966 ,
63 917 152 990 erit,
184 914 287 994 quales
307 911 349 972 *in
377 913 540 972 Ciceronis
573 915 729 972 orationes
764 915 999 973 commentarios

80 1019 175 1080 scribi
200 1015 338 1096 potuisse
356 1017 481 1076 Claudii
503 1028 557 1078 aut
587 1019 725 1082 Neronis
747 1029 889 1096 tempore
917 1021 999 1078 ratio
1034 1088 1036 1091 ¹
1063 1032 1066 1044 ¹

81 1125 276 1205 persuadente
324 1125 406 1183 Nam
428 1125 463 1182 in
485 1125 587 1201 quinti
610 1125 722 1183 decimi
745 1125 842 1185 seculi
865 1133 896 1184 et
918 1125 1001 1183 sexti

11 1279 12 1282 ,
80 1231 193 1292 decimi
208 1229 386 1288 homiuibus
409 1247 474 1286 non
497 1228 663 1288 admodum
682 1229 856 1291 mirandum
872 1238 932 1304 est,
962 1228 999 1302 si,

82 1357 177 1416 quum
210 1335 325 1394 Donati
361 1333 556 1411 aliorumque
592 1333 828 1395 commentarios
864 1355 928 1394 non
956 1335 1003 1393 ita

79 1443 212 1514 multum
225 1459 351 1500 suorum
365 1437 525 1498 dissimiles
542 1423 698 1513 viderent,
719 1441 860 1519 neglecto
877 1450 1002 1518 tempo·
1029 1488 1033 1496 ,

78 1570 153 1611 rum
176 1547 351 1608 discrimine
381 1542 464 1602 i'dem
487 1531 716 1606 commentandi
733 1565 830 1622 genus
851 1565 905 1604 sua
928 1548 1000 1624 opi-

11 1641 14 1704 i
77 1659 175 1716 nione
201 1653 239 1712 ad
258 1652 395 1730 primum
418 1657 488 1725 post
506 1647 666 1708 Christum
683 1657 790 1710 natum
813 1651 950 1710 seculum
968 1660 1001 1710 et

11 1807 13 1826 .
80 1735 205 1824 Claudii
226 1757 322 1819 aetatis
344 1754 557 1833 grammaticos
576 1755 814 1838 transtulerunt,
833 1765 1001 1834 putarunt·

80 1889 141 1948 que
163 1873 231 1924 tum
253 1862 289 1922 in
305 1861 465 1922 Ciceronis
489 1848 613 1936 scriptis
644 1861 741 1920 verba
770 1862 1001 1940 verborumque

79 1969 326 2032 constructiones
338 1966 417 2047 ritus
426 1967 629 2042 institutaque
641 1975 792 2042 perpetua
805 1945 1001 2028 enarratione

79 2077 219 2156 eguisae3
242 2073 279 2130 in
298 2069 533 2128 recentioribus·
553 2068 731 2141 hominibus
757 2080 841 2128 esset
870 2071 904 2127 id
922 2048 1015 2146 pro-¹

77 2183 163 2243 fecto
187 2159 379 2251 mirandum,
410 2173 438 2232 si
461 2191 552 2250 quem
575 2181 690 2253 praeter
715 2175 834 2232 Maium
849 2174 1002 2234 sciremus

74 2291 118 2348 'ad
138 2285 200 2345 hoc
221 2283 321 2360 ipsum
341 2281 485 2340 animum
500 2279 678 2338 intendisse.
725 2280 829 2356 Atque
845 2279 940 2338 fuisse
963 2301 1001 2340 eo

78 2405 224 2469 tempore
254 2385 489 2448 commentarios
521 2384 791 2461 grammaticorum
815 2387 849 2444 in
866 2382 1002 2445 'veteres

77 2500 249 2575 scriptores
272 2492 414 2563 Latinos,
438 2491 596 2564 novimum
635 2491 690 2566 qui
707 2476 850 2575 primuml
865 2492 904 2549 ad
922 2510 1002 2568 poe-

78 2616 127 2664 tas
150 2601 220 2660 fere
243 2597 460 2677 pertinebant3
488 2590 574 2672 (nam
597 2614 707 2653 eorum
723 2605 843 2654 tantum
872 2615 1001 2654 enarra-
1034 2578 1037 2589 ¹

77 2710 200 2769 tionem
222 2683 436 2772 Grammaticis
460 2699 651 2778 propositam
676 2699 788 2774 luisse,
816 2699 927 2759 scimus
947 2703 1000 2778 ⁸);

79 2809 311 2884 deinde'multo
329 2807 424 2884 magis
437 2806 471 2868 in
489 2816 670 2882 argumento
690 2805 853 2882 rebusque,
875 2804 1001 2883 mythis,

78 2916 222 2978 historiis
245 2913 434 2992 explicandis
452 2913 535 2972 etin
553 2911 670 2970 iudicio
686 2911 725 2970 de
735 2910 905 2970 virtutibus
922 2931 1004 2987 poe-

11 3089 15 3106 *
82 3038 202 3084 matum
221 3019 448 3101 interponendo
466 3016 680 3090 versabantur,
701 3034 791 3093 quarn
807 3016 840 3073 in
859 3016 1002 3075 oratione

82 3141 113 3190 ct
137 3128 261 3189 ritibus
293 3125 344 3184 Ex
363 3121 411 3182 his
426 3111 507 3183 eninr
521 3119 601 3180 nihil
616 3120 781 3179 obscurum
797 3138 861 3177 esse
876 3129 1002 3199 poterat

11 3291 12 3298 ,
80 3245 197 3312 praeter
222 3230 480 3308 antiquissimiet
503 3225 703 3286 remotissimi
732 3225 881 3301 temporis
909 3224 1023 3307 inati-'

11 3383 12 3398 t
79 3349 166 3413 tnta,
194 3348 267 3417 'quae
288 3337 411 3396 erudito
429 3334 541 3414 lectori
563 3351 628 3392 non
649 3326 723 3389 satis
744 3342 828 3403 erat,
851 3337 1001 3418 quemad.

11 3429 14 3500 l

86 3496 358 3510 Μ

113 3611 142 3680 3)
163 3601 324 3686 Quantus,
342 3609 378 3675 t,
405 3613 430 3660 2.
450 3579 455 3602 ⁷
482 3689 484 3696 ,
