2225 4142
479 278 525 382 1'7

42 527 138 591 faesia
173 491 361 603 antennam
388 521 437 583 aa
459 495 597 582 catenes
625 487 830 580 rainonem
862 521 965 596 pann
997 485 1000 501 '

42 653 139 708 nere3
171 631 249 691 mihi
271 632 417 689 videntur
439 627 576 686 maxime
594 627 629 686 in
647 625 819 686 Palatinam
843 626 965 684 cadere.
1073 667 1077 674 .

6 731 8 736 ’
41 743 117 800 Non
141 739 263 816 ignoro,
291 733 410 794 duobus
432 731 509 793 locis
535 753 602 794 eam
623 729 843 791 bibliothecam
867 728 966 788 uPli-

40 848 94 904 nio
116 845 234 906 Maiori
247 838 489 902 'commemorari
514 849 660 918 tanquam
682 845 817 896 stantem·
828 830 863 912 (7
877 855 904 894 c.
922 832 966 898 58

42 961 71 1010 et
81 949 134 1029 34,
159 972 185 1013 c.
206 949 256 1030 73)
277 945 460 1025 quamquam
475 945 555 1004 alters
573 945 659 1017 locus
679 943 742 1002 alio
767 961 890 1022 quoque
909 963 965 1001 re-

41 1058 119 1116 ferri
141 1055 246 1136 potest
271 1063 301 1112 ct
323 1051 462 1112 refertur
485 1051 522 1109 ab
541 1051 650 1128 Lipsio
671 1057 703 1109 et
726 1046 813 1120 aliis3
839 1049 893 1111 sed
910 1065 966 1105 re·

41 1163 180 1222 stitutum
203 1161 289 1220 illam
308 1136 553 1225 bibliothecam,
584 1165 620 1213 ut
640 1155 714 1213 alias
736 1152 876 1241 restituit
891 1154 964 1210 Dn-

42 1267 186 1326 mitianus
212 1261 353 1342 (Sueton.
378 1265 471 1322 Dom.
495 1259 634 1340 20)i10n
655 1277 751 1335 neg0;
783 1277 882 1316 meam
904 1277 963 1316 au-

41 1383 101 1432 tem
126 1372 308 1432 sententiam
333 1368 464 1427 maxime
485 1365 655 1440 confirmat,
680 1364 764 1442 quod
789 1362 911 1443 Gellius
932 1374 966 1422 et

42 1479 91 1535 alii
115 1462 275 1559 noniano
293 1476 418 1554 Ulpiam
444 1482 475 1533 et
495 1448 671 1532 Tiberianae
694 1469 803 1528 domus
824 1476 857 1527 et
879 1468 966 1527 Pacis

41 1584 244 1643 bibliothecas
283 1585 539 1656 commemorant,
589 1561 767 1633 Palatinam=
797 1580 964 1652 nunquam,

43 1691 181 1750 omnium
196 1688 437 1768 antiquissimam
457 1693 489 1742 et
509 1679 750 1754 nobilissimam,
787 1680 845 1739 rix
869 1679 992 1740 omis-'

43 1799 117 1873 suri,
143 1799 177 1856 si‘
193 1781 314 1872 integra
337 1789 564 1873 permansisset.
629 1783 710 1841 Nan
737 1785 821 1860 quod
844 1785 967 1843 lossii-

44 1883 274 1972 risberiensis,‘
287 1895 449 1976 (Policrat.
473 1895 522 1962 II,
552 1887 609 1964 26)
636 1907 731 1964 quum
753 1887 857 1945 libros·
873 1899 970 1950 vetn-

45 2019 107 2068 stos
134 2031 153 2067 a
174 1995 370 2081 Gregorio'I
395 1997 541 2078 pontifice
565 1994 701 2053 maximo
722 1992 897 2083 cpmbustos
920 1996 966 2052 si.

46 2117 219 2194 gnificaret,
243 2129 316 2169 usus
342 2113 385 2164 est
408 2121 501 2162 versu
523 2097 650 2175 Horatii
670 2117 711 2156 ex
732 2097 833 2173 Epist.
866 2096 921 2155 lib.
942 2102 967 2175 Ι

47 2222 157 2299 3,17,
182 2239 222 2277 ex
240 2236 277 2273 so
299 2204 380 2271 nihil
399 2205 508 2268 cbnfici
531 2226 595 2264 non
623 2201 806 2276 monerem,
841 2202 902 2260 nisi
923 2203 969 2262 ita
996 2241 1001 2252 f

49 2328 176 2406 Lipsius
205 2327 343 2409 putasset
367 2311 419 2393 (de
446 2309 593 2378 biblioth.
618 2329 643 2368 c.
667 2309 713 2385 7.)
767 2311 843 2375 Haeo
872 2308 969 2385 1gstu1·
1016 2290 1019 2297 “

50 2437 74 2495 si
92 2453 168 2495 vera
189 2439 270 2502 sunt,
292 2421 443 2484 Asconius
474 2417 553 2476 hanc
581 2415 870 2497 commentariorum
892 2435 971 2494 par·
988 2392 992 2401 ,

52 2552 114 2602 tem
139 2531 311 2612 composuit
329 2549 392 2588 non
409 2527 511 2586 solum
527 2524 700 2599 imperante
724 2521 861 2596 Nerone,
885 2522 970 2599 qnod

55 2645 219 2706 ostendere
242 2636 374 2697 studui
364 2657 398 2694 ιιι
417 2633 530 2735 disput.
555 2647 672 2723 meap.
684 2611 721 2699 4,
744 2627 800 2686 sed
823 2637 968 2688 extremo

52 2748 189 2812 Neronis
205 2755 349 2822 tempore
372 2750 493 2819 posta
517 2714 596 2810 817
624 2753 719 2793 senex
740 2753 840 2825 prope
862 2744 972 2810 septu·

55 2849 230 2944 agennum
252 2849 517 2926 confirmaturque
537 2839 663 2901 omnino
685 2848 793 2898 nostra
812 2839 851 2898 de
870 2839 970 2898 Asco-
983 2902 986 2907 ,
1015 2909 1019 2915 ¹

55 2963 102 3021 nii
120 2970 208 3022 aetate
232 2954 396 3016 sententia.
457 2965 461 2990 ¹

149 3069 183 3126 P.
219 3061 280 3127 115
306 3057 383 3140 (984
413 3059 472 3120 Gr,
500 3051 564 3120 525
589 3051 660 3132 Or.)
710 3048 812 3135 ‘Quid
833 3061 868 3153 tu
883 3061 971 3126 potes

54 3187 319 3206 w

133 3265 223 3320 pore,
240 3243 286 3310 (ad
310 3240 340 3292 id
360 3241 432 3293 enim
459 3240 589 3308 pertinere
601 3178 695 3286 lelebat
717 3232 895 3298 meminerant)
919 3247 974 3280 non
1018 3259 1028 3266 -

137 3341 224 3388 minus
240 3337 358 3386 iuniores
379 3329 507 3392 sciebant,
534 3346 589 3378 non
607 3326 692 3376 solum
709 3323 890 3386 meminerant,
909 3319 976 3390 quid

138 3431 255 3500 perisset.
297 3423 350 3497 Qui
368 3417 507 3502 quuinvis-
491 3418 681 3470 -meminerant
695 3415 871 3482 coniungunt,
898 3410 989 3480 obliti

114 3519 272 3582 videntur,
292 3516 505 3566 memoriamuon
520 3511 608 3560 levare
623 3509 748 3561 iacturam
762 3514 976 3577 monumentorum

144 3613 305 3680 antiquorum
323 3619 347 3658 et
365 3607 574 3672 incorruptorum
616 3599 741 3668 Apparet,
759 3598 801 3643 m'e
817 3590 903 3662 pesilo
917 3603 976 3644 ante

148 3723 209 3760 curn
225 3701 345 3754 Ernestio
363 3693 475 3755 scribere
494 3692 618 3760 quaesitos
637 3706 686 3758 pro
706 3687 872 3758 quoesitoe

550 3755 779 3842 ·.’·(2)
