2225 4142
504 234 527 308 9

67 468 114 531 'rit-
164 471 255 545 Tum,
279 469 307 530 si
325 469 525 560 I’hilargyrio
549 469 720 544 credemus,
743 489 808 530 nou
829 466 979 534 salumin

67 585 151 638 utute
172 576 299 637 Asconii
332 579 467 638 notanda
492 577 612 654 lapsum
635 575 864 651 Hieronymum
891 575 979 635 dics·
1009 603 1016 617 ·

67 699 148 752 mus,
168 683 219 742 sed
242 683 278 739 in
303 705 339 741 eo
365 684 472 758 etiam,
506 682 689 768 quodcum
712 680 857 740 LXXIII
881 699 979 740 annos

67 796 167 847 netum
189 787 285 846 oculis
308 798 431 866 captum
447 788 635 862 tradiderit3
656 807 728 848 nam
746 784 980 846 commentarios

68 899 133 966 post
154 890 234 950 banc
258 902 379 953 aetatem
396 894 552 972 scripsisse
571 893 769 973 putabimus,
804 871 982 969 etquidem

67 993 200 1056 liliorum
214 1019 304 1058 causa
321 999 399 1058 adeo
423 981 609 1077 pnerbrnm,
638 1007 674 1058 ut
705 1008 837 1076 propter
863 1004 983 1056 aetatem

67 1079 259 1177 publicorum
291 1106 489 1182 negotiorum
517 1123 644 1164 rnorem.
658 1103 758 1164 miuus
780 1111 923 1188 tenerent
941 1099 982 1182 ³).

68 1193 185 1268 Deinde
210 1199 424 1309 Quintilianus
441 1187 484 1272 ¹err
505 1210 641 1296 Pediano
660 1210 798 1288 quaedem
816 1207 904 1266 sede
923 1206 985 1265 Li·-

67 1311 108 1370 vii
128 1313 352 1394 orthographia
377 1315 563 1394 comperisse
590 1315 699 1378 scribit
719 1315 770 1392 ?);
812 1311 985 1390 Quintilia-

15 1421 17 1426 ’
67 1434 120 1478 nus
139 1429 230 1506 natus
254 1430 301 1486 est
324 1420 405 1482 circa
423 1423 540 1500 primos
565 1419 690 1483 Claudii
711 1438 807 1478 annos
822 1415 871 1498 ¹),
893 1435 986 1493 quem

69 1531 102 1582 ut
122 1527 323 1588 concedamus
351 1527 594 1602 adolescentem,
616 1532 690 1606 ‘quo
713 1534 854 1602 tempore
877 1523 986 1582 Romu
1073 1517 1078 1526 '

67 1627 239 1694 Domitium
260 1632 375 1694 Afrum
399 1641 440 1693 et.
458 1628 606 1711 Senecam
637 1630 758 1692 audivit
774 1632 829 1706 ¹),
866 1627 922 1686 illa
945 1648 987 1688 ex
1078 1694 1081 1702 ,

69 1732 199 1797 Asconio
218 1736 389 1824 [accepissem
410 1747 514 1798 tamen
534 1741 627 1828 plane
647 1759 727 1818 puer
745 1754 856 1812 neque,
879 1742 988 1793 ulrum

69 1837 173 1900 Livius
200 1847 353 1921 quonian
378 1863 472 1923 quase
488 1847 678 1926 scripsisset,
708 1842 852 1914 curabat,
885 1858 988 1916 neque

70 1947 140 2021 quid
162 1948 316 2008 Asconius
332 1949 369 2008 in
386 1951 550 2012 scribendo
582 1954 771 2012 observaret·
828 1945 989 2004 Faciam

71 2048 159 2126 igitur
187 2052 426 2128 Quintilianum,
452 2073 548 2132 quum
570 2056 741 2116 octodecim
765 2071 860 2133 anuos
887 2051 987 2110 habe.

16 2149 18 2240 j
72 2166 122 2232 ret,
146 2155 216 2216 haec
240 2150 280 2214 c'x
294 2157 431 2215 Asconio
458 2159 596 2239 audisse3
624 2156 803 2216 habebimus
822 2158 991 2216 Ascanium

16 2749 24 2838 ἱ.

17 2843 19 2918 l

72 2280 165 2340 prope
189 2268 303 2318 centun
318 2279 414 2318 annos
434 2257 541 2318 natum
559 2260 807 2342 huiusmodixres
819 2262 991 2338 docentem3

73 2385 251 2444 quamquam
265 2365 365 2424 multo
383 2375 429 2424 est
446 2365 651 2444 probabilius,
664 2355 768 2428 uirum
778 2388 832 2434 ,ex
846 2365 916 2424 viro
930 2350 1005 2426 hoc'

74 2471 199 2530 audisse.
248 2471 354 2547 Quum
369 2471 450 2529 enim
470 2471 682 2547 Quintilianus
697 2472 815 2548 aliquid
838 2491 870 2529 se
883 2492 923 2531 ex
941 2473 989 2549 iis,

74 2576 123 2654 qui
143 2577 244 2635 multo
264 2585 340 2636 natu
357 2573 489 2634 maiores
514 2584 624 2649 essent,
660 2575 778 2636 audisse
802 2575 911 2649 relert,
937 2597 991 2635 so-

75 2679 136 2758 let,
161 2704 203 2742 ne
228 2701 317 2742 error
347 2689 379 2752 ct
410 2679 564 2742 dubitatio
593 2683 732 2760 orietur,
768 2679 835 2759 ipse
865 2681 995 2758 addere,
1086 2755 1089 2763 Ι

75 2837 341 2854 w

17 2925 19 2960 t
108 2930 134 3002 ⁸)
154 2935 189 2987 ad
208 2933 265 2988 cie.
289 2953 338 3007 pro
353 2935 415 2988 Mil.
437 2955 461 2988 c.
480 2934 508 2988 6.
524 2953 552 3007 p·
575 2931 635 2988 151·

17 3031 19 3074 i
106 3032 133 3104 9)
154 3040 216 3091 Inst.
236 3037 307 3091 Orat.
328 3041 364 3113 1,
380 3041 413 3105 7,
441 3037 487 3091 24.
519 3037 682 3108 -Comperir‘e
699 3059 732 3092 ex
749 3039 838 3109 aliquo
856 3028 992 3108 uunquam

150 3129 206 3181 dici
225 3131 258 3182 de
277 3148 308 3182 eo
319 3166 327 3194 ,
338 3131 421 3200 ¹quod
439 3132 540 3210 scriptis
557 3133 613 3181 eius
628 3130 747 3199 legendis
764 3127 904 3195 discemus,
924 3131 994 3182 Maii

17 3235 19 3254 ⁴
98 3247 102 3252 ·
152 3241 230 3274 causa
248 3221 358 3287 adnot03
384 3221 441 3273 vid.
460 3223 481 3274 1.
502 3241 575 3292 c..p·
595 3219 640 3272 34.
660 3224 699 3291 (p.
716 3221 777 3272 XL.
798 3213 902 3290 Beleni
938 3223 993 3274 Fr-

153 3311 253 3364 bricius
279 3331 313 3365 ex
332 3314 383 3366 hoc
410 3313 470 3365 loco
491 3306 684 3388 Quintilianum
709 3311 822 3365 Asconii
848 3312 994 3366 auditorem
1025 3351 1029 3361 ,

152 3403 225 3456 lecit.

115 3502 453 3570 ²)vid.110dwell.‘Aun.
472 3503 563 3581 Quint.
583 3506 604 3573 l.
622 3505 649 3562 5.

107 3601 135 3675 2>
155 3606 211 3666 vu.
230 3609 367 3668 noram.
388 3621 413 3663 u
431 3609 530 3666 cesse
548 3607 625 3693 sees.
646 3607 735 3687 ome
751 3606 773 3675 t.
792 3607 824 3664 t.
884 3661 895 3676 ,
