2225 4142
574 307 663 427 221¹
715 402 722 420 ..
780 375 785 387 ·

1 541 2 600 Ῐ
96 613 98 618 ,
138 578 253 620 nomen
271 562 325 622 Cn.
344 560 509 624 librarium
527 563 709 629 oscitantem
729 551 871 648 impulit,
899 547 954 640 ut,
970 571 1068 646 „qnod

139 663 188 724 bis'
208 676 279 726 unte
300 663 415 746 paucos
433 647 540 731 uersus
565 675 620 747 Gn.
654 674 802 755 Pompeii
836 691 952 734 nomen
984 673 1066 730 ecri-

138 769 260 848 psisset,
283 758 334 834 bic
356 777 438 861 idem
459 777 621 849 scriberet,
647 777 768 851 deinde,
788 796 898 834 errore
922 777 1065 836 animad-

140 859 244 948 verso,
263 899 372 942 verum
391 893 533 961 poneret,
542 883 671 965 ,falsum
682 898 747 941 nou
768 880 905 940 tolieret.
955 883 1064 941 Dubi-

140 983 218 1041 tatio
238 1003 257 1043 a
274 985 368 1046 Livio
391 990 510 1076 (XXI,
534 989 594 1063 25)
612 997 849 1048 commemorata
868 1007 909 1045 cx
930 1007 970 1045 eo
992 998 1064 1047 orta

55 1097 64 1105 ”
141 1087 284 1168 wdetun,
317 1091 400 1170 quod
421 1095 605 1190 triumviros
637 1095 675 1152 ud
700 1095 822 1153 diversa
839 1093 962 1170 negotia
983 1095 1064 1152 mis-

1 1173 2 1182 *
130 1212 189 1272 *sos
212 1196 424 1258 confuderint.
473 1203 567 1278 Quod
588 1201 752 1278 deniqne
742 1220 776 1258 1n
796 1197 852 1256 hac
874 1200 980 1259 cadem
1002 1202 1063 1260 ad-

137 1291 311 1364 notitione
318 1304 412 1381 paulo
431 1316 502 1365 ente
522 1325 672 1386 perverse
694 1306 926 1382 scriptumest:
951 1319 985 1364 ιιι
999 1329 1062 1384 pe-

45 1447 51 1452 .
97 1379 98 1382 ¹
137 1407 225 1463 tendi
248 1413 457 1485 magistratus
472 1416 588 1488 gratia
605 1414 763 1469 civitatem
784 1415 961 1470 Romanam
985 1415 1062 1470 adi-

102 1511 338 1587 pascerentur,
359 1513 546 1575 vocabulum
565 1521 682 1595 gratia
709 1537 727 1575 a
756 1514 900 1588 Manutio
920 1517 1062 1576 additum

137 1623 198 1672 e.st
224 1615 349 1678 videtur
370 1619 524 1682 ‘Asconius
549 1622 706 1700 scripsisse
723 1623 861 1700 gerendo
882 1626 1062 1700 magistra-

1 1605 208 2062 ἕλω,
240 1731 325 1782 certe
343 1723 395 1784 bic
414 1746 520 1788 sensus
538 1727 617 1802 fuit3
651 1748 702 1787 res
721 1737 797 1788 nota
815 1736 870 1785 est.

228 1823 279 1885 Ad
301 1839 381 1894 orat.
413 1850 474 1912 pso
504 1836 620 1896 Scauro
644 1853 686 1912 Ρ.
683 1833 764 1898 136
793 1833 891 1908 (1011
916 1834 972 1895 Gr.
994 1833 1059 1900 243

137 1927 226 2006 seh)
245 1931 396 1997 Asconius
420 1939 459 1998 de
478 1939 568 2010 Iuliis
586 1959 686 2018 agens,
718 1943 857 2014 Lucius,
879 1939 1001 2018 inquit,
1030 1958 1059 2002 et

129 2049 255 2122 praetor
284 2052 313 2097 et
346 2045 455 2102 consul
478 2043 561 2121 snit.
633 2047 720 2122 Quid
750 2067 828 2125 opus
851 2045 1060 2126 indignitate

109 2139 111 2143 ’
132 2139 268 2212 bominis
284 2145 483 2223 significanda
499 2159 661 2226 praeturae
656 2153 964 2227 commemoratione,
985 2174 1056 2239 quse
1103 2222 1108 2228 ,

63 2293 65 2298 .
130 2243 309 2316 cbnsulatus
327 2251 477 2328 dignitate
497 2255 715 2316 obruebatur?
752 2267 806 2317 aut
819 2260 895 2336 quid
909 2259 1057 2336 ineptias,

129 2353 228 2430 quum
249 2355 307 2416 ill'o
339 2366 481 2436 tempore
511 2379 604 2418 nemo
632 2364 744 2434 consul
770 2364 878 2440 fieret,
909 2365 962 2443 qni
989 2388 1056 2426 uon

134 2471 253 2536 praetor
273 2461 406 2534 fuisset?
440 2483 496 2524 cur
520 2465 655 2543 denique
678 2469 834 2537 omittitur
848 2492 983 2532 summus
1001 2474 1054 2530 di-

131 2563 257 2642 gnitatis
281 2567 437 2643 cumulus,
470 2591 608 2644 censura,
632 2594 723 2652 quam
744 2577 837 2652 gessit
859 2577 911 2637 hic
937 2581 1055 2641 Lucius

131 2671 252 2728 cumP.
272 2671 395 2732 Licinio
413 2674 560 2736 Crassos.
579 2678 666 2742 665?
687 2682 818 2740 Porro
808 2702 842 2741 m
860 2685 933 2743 edit.
952 2689 1051 2748 Iest

131 2786 159 2831 et
183 2795 264 2835 cons.
288 2790 315 2835 et
334 2791 442 2856 pretor
457 2779 549 2858 juin
583 2787 706 2865 scripsit
725 2774 876 2849 Asconius
899 2805 927 2849 et
948 2795 1059 2855 consul

26 2896 29 2902 ·
130 2889 160 2935 et
187 2901 311 2954 censor,·
343 2895 494 2946 mutatum
527 2891 561 2948 id
593 2901 640 2949 est
672 2872 804 2970 propter
843 2906 989 2974 praeturas
1019 2900 1068 2960 in¹

129 2982 229 3046 fratre
248 2987 445 3051 mentionem
501 2996 652 3055 Proxime
679 3017 754 3075 pag
779 3001 843 3072 137
865 3005 964 3076 (1012
995 3007 1053 3064 Gr

128 3087 192 3169 245
211 3091 298 3170 sch.)
324 3113 390 3174 quae
413 3100 571 3161 Asconius
588 3103 628 3160 de
657 3103 693 3161 G.
711 3100 866 3183 011υᾶ10,
900 3110 997 3187 Appii
1023 3123 1055 3172 et

51 3195 56 3202 “
127 3195 233 3258 Publii
256 3198 355 3268 fratre
373 3204 497 3281 scripsit
504 3249 515 3276 ,
547 3217 698 3285 corrupte
715 3221 787 3270 sunt
809 3234 867 3274 nec
892 3237 910 3273 a
936 3218 1060 3277 Beiero‘

70 3279 72 3285 Ι
126 3302 267 3390 (Fregm.
290 3306 353 3371 Cic.
372 3307 473 3366 Oratt
492 3329 527 3388 Ρ.
549 3315 626 3403 190)
650 3326 736 3376 recte
749 3319 936 3380 constituta.
981 3324 1053 3383 Ne·
1079 3356 1084 3358 -

99 3423 188 3484 ,qne
214 3411 296 3470 enim
326 3413 391 3489 ipse
413 3413 505 3475 CaIus
534 3438 581 3494 se,
605 3430 720 3482 utrum
743 3424 896 3500 patricius
917 3449 957 3487 an
965 3429 1053 3511 ple-

125 3509 214 3569 beius
242 3513 367 3577 futurus
386 3531 482 3591 esset,
518 3524 663 3586 dubitare
690 3529 829 3600 dicebat,
858 3535 914 3593 sed
938 3535 1052 3598 Cicero

123 3611 183 3670 boc
211 3618 328 3677 urbane
355 3623 489 3684 irridens
512 3628 648 3706 11111105
655 3652 712 3696 nec
744 3657 818 3696 enne
846 3637 908 3696 alia
930 3640 992 3697 nisi
1015 3643 1051 3702 in

62 3711 66 3720 '
122 3717 180 3777 illo
201 3719 344 3799 fingendo
366 3727 524 3792 urbanius
535 3732 593 3794 bic
613 3747 667 3800 est.
689 3790 691 3801 ,
720 3741 873 3805 Mendnm
889 3729 935 3807 est
950 3743 1051 3826 igitur
