2225 4142
479 353 481 360 s
529 237 603 349 117

85 466 250 544 ¹recenset.
299 479 399 542 Recte
417 477 515 563 igitur
539 489 579 550 ad
608 489 691 552 hunc
714 493 859 556 referunt
883 496 1026 563 Sallustii

94 584 195 653 verba
218 587 235 644 'a
261 585 456 664 Quintiliano
487 595 553 670 IV,
585 596 624 674 2,
653 597 684 661 2.
716 599 858 673 laudata,
890 604 946 664 ubi
977 608 1024 667 M·

82 685 401 766 'Aciliusll’alicanus
425 700 619 776 appellator.
660 704 722 763 Sed
744 705 778 763 in
802 713 1023 771 commentario

93 794 136 852 ad
159 793 231 855 Lib.
258 797 292 872 1,
326 795 377 862 47.
402 821 434 879 p
460 803 503 868 75
530 807 577 866 M.
607 808 731 885 Lollius
754 806 916 872 Palicanus
945 815 1021 875 trib.

92 899 178 977 pleb.
199 903 310 963 civem
342 924 361 964 a
390 907 519 984 Verre,
553 924 689 990 praetore
713 914 834 974 urbano
867 918 909 990 (a.
882 917 1029 1004 2680);

92 1004 330 1069 verberatnm'
319 1029 354 1068 in
372 1013 551 1076 concionem
568 996 756 1094 produxisse
779 1020 905 1086 dicitur
928 1025 1022 1086 Hunc

93 1113 245 1192 Spalding
275 1123 307 1174 ct
335 1113 465 1178 Ellendt
495 1122 536 1181 nd
565 1121 630 1182 Cic.
665 1125 754 1185 Brut.
787 1125 811 1184 l.
844 1146 869 1186 ο.
899 1147 929 1205 p
958 1106 1021 1198 162

65 1223 184 1310 ,gnam
200 1218 327 1278 -caeteri'
352 1219 579 1308 confundunt),
620 1230 705 1306 quod
734 1229 827 1317 idem·
841 1254 870 1290 a.
899 1233 964 1298 680
987 1244 1020 1298 et

83 1327 156 1404 683
185 1326 330 1386 tribunus
361 1345 426 1386 non
452 1329 568 1404 fuerit,
612 1335 659 1392 ab·
684 1335 784 1397 altero
810 1336 1015 1415 distinguunt.
1075 1387 1078 1399 ,

91 1433 154 1494 Sed
186 1431 213 1490 si
243 1432 305 1492 duo
335 1431 382 1492 M.
402 1433 545 1508 Palicani
562 1438 652 1500 'intra
673 1437 738 1501 tatii
762 1441 862 1504 breve
894 1447 1016 1522 tempus

89 1537 213 1626 tribuni
226 1536 269 1614 pl.
282 1535 423 1615 fuissent,
448 1526 592 1619 profecto
612 1547 724 1608 Uicero
739 1547 773 1606 in
786 1542 896 1623 Bruto,
909 1560 1015 1612 utrum

89 1651 364 1714 commemoraret,
405 1645 615 1724 significasset.
671 1652 716 1711 Et
739 1661 794 1720 ⁴est
826 1653 861 1713 in
886 1646 1016 1718 Asconii
1105 1723 1109 1731 ,

88 1757 139 1815 ed.
166 1753 194 1814 1.
215 1756 265 1812 M.
291 1751 395 1810 Jolius
418 1755 616 1830 Palicanus,
648 1766 685 1816 ut
716 1756 787 1819 fere
809 1779 905 1837 aeqne,
920 1761 1014 1823 facile

88 1862 234 1932 Acilius,
250 1876 293 1938 ac
314 1857 439 1914 Lollius
455 1857 525 1917 fieri
547 1862 664 1938 possit3
691 1857 746 1923 sed
769 1874 865 1924 restat
883 1867 917 1925 in
929 1877 1013 1929 tem-

87 1986 170 2046 pore
201 1959 373 2022 difficultas.
424 1961 551 2021 Scilicet
575 1966 688 2059 occidit
713 1965 894 2045 interpreti,
928 1972 1012 2050 quod

43 2057 46 2072 ⁴
87 2075 122 2133 in
146 2071 216 2128 aliis
238 2065 334 2128 rebus
357 2085 452 2143 snpra
470 2071 594 2130 ostendi
616 2069 771 2132 accidisse.
815 2072 1013 2138 Commemo-

86 2176 155 2237 rari
179 2171 262 2251 apud
282 2171 465 2230 Ciceronem
487 2169 649 2259 tribunum
666 2176 792 2237 videbat
804 2181 931 2261 nomine
946 2203 1012 2257 non

86 2272 246 2352 iudicato5
281 2277 328 2336 bis
360 2295 461 2354 porro
492 2265 577 2354 apud
593 2280 776 2357 ‘superiores
796 2288 1012 2360 grammaticos

84 2389 266 2450 Palicanum
282 2383 474 2444 nominatum
489 2385 686 2462 meminerat,
709 2377 1010 2466 eumquehomincm

86 2481 180 2572 quem
197 2493 316 2551 Verres
333 2491 450 2552 iniuria
469 2489 638 2560 affecisset,
657 2490 849 2569 defendisse,
873 2519 915 2558 ex
936 2497 1008 2558 loco

86 2601 152 2658 Cic.
177 2593 526 2673 11,4tinte11igebat;
559 2595 665 2674 itaquo
687 2598 778 2678 illum
801 2603 903 2662 altero
927 2627 1009 2684 quo-

84 2728 146 2788 que
169 2705 241 2764 Inoo
262 2701 763 2779 s1gneiicar1putav1tErrorin
785 2710 912 2781 nomine
928 2713 1008 2798 ipsi

82 2833 162 2878 usne
178 2795 219 2874 sit
236 2829 276 2907 an
298 2806 423 2881 librarii
438 2807 631 2887 recentioris,
653 2810 807 2875 incertum
825 2825 881 2876 eet.
913 2819 1007 2895 Quod

81 2917 213 2976 Ellendt
235 2897 291 2976 vix
316 2913 399 2976 huno
422 2914 643 2980 Palicanuma
660 2916 736 2982 687.
755 2919 789 2980 (l
810 2923 932 2982 Pisonis
950 2946 1007 2982 co-

26 3083 32 3090 ,
81 3021 173 3083 mitia
195 3018 347 3081 habentis
355 3019 526 3080 constantia
545 3041 564 3076 a
586 3021 750 3083 consulatu
768 3026 920 3089 deiectum
941 3048 1005 3104 pu-

81 3137 138 3205 tat,
163 3127 247 3206 quod
276 3125 326 3184 hic
350 3145 415 3186 non
438 3125 598 3202 legitimus
622 3127 659 3186 ei
670 3133 847 3190 consulatus
876 3133 1005 3209 petendi

82 3255 181 3296 annus
204 3231 322 3310 inerit,¹
348 3253 412 3293 non
435 3214 583 3334 attendit?
614 3251 669 3308 eo,
701 3255 768 3312 quae
785 3237 893 3297 Valer.
917 3240 1004 3300 Max.

82 3343 148 3418 111,
180 3344 201 3406 8
223 3342 313 3404 Rom.
339 3340 360 3404 3
387 3349 512 3412 narrat,
533 3339 667 3416 ¹impetu
690 3340 791 3415 plebis
812 3352 843 3401 et
865 3344 899 3402 vi
921 3355 1005 3422 gesta

81 3449 155 3508 diei.
203 3449 311 3507 Restat
335 3444 380 3504 M.
402 3445 524 3507 Lollius
539 3447 699 3505 Palicanus
722 3449 830 3507 consul
852 3447 924 3525 733,
950 3451 1004 3528 qui

81 3573 257 3632 cognomen
274 3551 379 3610 nescio
404 3551 516 3634 quibus
543 3552 672 3613 Horatii
695 3540 867 3615 editoribus
901 3559 1003 3617 debet.

81 3657 176 3739 Apud
209 3655 351 3736 antiquos
383 3637 568 3737 scriptores,
607 3662 691 3740 apud
717 3683 786 3738 eos,
823 3665 877 3740 qui
905 3663 1001 3746 fastos

688 3874 775 3955 ς’.

200 3953 253 3992 1'*
338 3973 341 3978 Ι
