2225 4142
60 437 183 539 „emph
205 461 288 539 apud
307 459 418 520 Asson.
441 437 772 540 Argam.,Cornel.1i
795 460 849 526 93.
903 463 998 526 Unde

76 570 176 645 igitur
197 565 244 626 bae
268 551 454 644 opiniones?
489 567 542 642 Er
572 586 720 644 perversa
740 568 1001 645 interpretatione

43 690 46 703 ·
76 657 252 736 scholiastae
274 671 375 750 nostri
397 671 462 732 loci
483 671 518 732 in
540 674 635 735 Verr.
656 673 694 741 1,
726 673 778 738 61.
822 674 928 748 Dicit,
968 687 1003 736 et

78 781 188 840 dicunt
207 787 277 856 post
301 773 380 836 eum'
398 779 510 853 caeteri,
528 758 627 856 'queri
651 781 834 853 Ciceronem
858 784 905 858 Q..
917 783 1002 842 Cur-

78 891 160 947 tium
184 893 352 973 eorruptos
363 883 480 959 iudices
497 885 531 942 in
552 872 726 956 consilium,
744 860 829 965 quod
842 888 1003 951 ‘deVerro

78 991 291 1052 iudicaturum
310 997 403 1058 esset,
436 989 640 1048 subsortitum
664 994 737 1050 es'se.
791 993 874 1052 Nam
904 991 1003 1054 sorti-

54 1127 55 1130 *
79 1108 148 1158 tum
167 1077 372 1157 Glabrionem
389 1113 503 1170 negare
521 1115 587 1154 non
607 1108 745 1171 possunt.
779 1101 865 1175 Quid
882 1100 1003 1178 igitur?
1061 1170 1065 1182 Ι

80 1203 220 1272 Haecine
244 1211 306 1260 tarn
331 1201 417 1278 gravi
445 1200 633 1265 contumelia
659 1211 694 1262 ut
727 1203 837 1262 Cicero
868 1207 1003 1267 iudicem

81 1302 259 1387 qiraestiouis
280 1307 452 1371 adfecerit?
476 1309 584 1381 Immo,
609 1309 763 1384 inquiunt,
790 1320 899 1386 postea
920 1296 1004 1374 hune
1060 1362 1066 1377 ,

82 1420 229 1478 Curtium
252 1414 369 1489 reiecit,
391 1433 493 1491 neque
515 1433 598 1472 nune
620 1414 647 1470 is
671 1416 786 1474 aderat.
836 1418 1004 1493 Quomodo

83 1544 203 1602 quaeso,
237 1521 437 1598 reiecitpoet
455 1511 710 1579 subsortitionem
739 1541 827 1596 eum,
866 1524 920 1599 qui
937 1525 1004 1600 ipse

81 1613 270 1714 subsortitus
295 1623 362 1688 est?
401 1625 548 1698 Deinde,
585 1628 613 1683 si
645 1648 663 1684 a
693 1628 812 1705 populo
833 1629 1007 1704 eligebatur

51 1718 58 1752 Ι
83 1739 183 1797 iudex
202 1733 394 1814 quaestionis,
411 1732 567 1809 quomodo
597 1734 623 1790 is
645 1734 734 1792 reiiei
753 1735 899 1810 poterat?
930 1736 1006 1794 Non

86 1846 205 1921 magis,
229 1861 319 1926 quam
337 1847 454 1916 prator
469 1858 478 1912 5
518 1838 583 1909 sin,
618 1848 654 1896 ut
672 1839 814 1897 Ferratio
837 1841 955 1916 placet,
988 1862 1007 1900 a

83 1959 221 2028 praetore
243 1945 469 2016 assumebatur,
497 1944 654 2020 quomodo
674 1943 764 2006 reiici
790 1953 821 2003 et
839 1946 1008 2006 verborum

86 2052 277 2114 contumelia
293 2037 394 2121 affici,
430 2049 496 2130 sine
531 2049 709 2122 gravissima
731 2050 874 2123 praetoris
899 2051 1024 2125 ¹offen-¹

87 2159 199 2219 sione?
240 2157 326 2232 Quid
357 2153 490 2211 Cicero?
524 2154 600 2210 dicit
632 2173 674 2211 ex
703 2152 760 2210 hac
796 2153 1010 2225 decuriawsibi

82 2260 277 2342 ¹(bonorum)
312 2259 450 2325 iudicum
470 2259 610 2335 ‘copiam
634 2279 699 2321 non
740 2260 879 2319 futuram
903 2261 1010 2331 fuisse,

88 2373 153 2432 nisi
162 2367 272 2428 Curtio
289 2365 459 2426 restitisset.
509 2367 618 2442 Itaque
631 2376 695 2424 non
709 2365 806 2426 malos
820 2363 1012 2440 intrudebat,

89 2477 146 2536 sed
164 2473 262 2534 bonos
282 2473 458 2552 eripiebat,
483 2471 542 2530 hoe
564 2474 720 2561 quoquo
738 2474 842 2530 facere
862 2476 1011 2550 poterat?

75 2585 239 2644 Deciarat
262 2580 387 2639 Cicero:
410 2609 452 2621 --
468 2579 617 2656 facultas
641 2599 753 2653 eornm,
777 2585 931 2656 quasiste
951 2583 1012 2655 (Ie-

90 2689 226 2786 gersdum
250 2703 314 2745 esse
336 2685 451 2766 spinor
475 2690 571 2764 quaa,
604 2681 699 2782 saurir
722 2689 820 2756 istm)
848 2680 1013 2758 annuerat,

90 2786 232 2854 insuunt
255 2787 507 2882 eonsiliumlein'e
531 2813 629 2855 eausa
644 2791 896 2850 subeor-uebatur.
941 2795 1012 2870 Ap-

90 2909 182 2979 paret
211 2899 248 2974 Q
274 2898 417 2957 Curtium
443 2898 477 2956 in
494 2897 606 2955 Verris
624 2892 741 2956 iudicio
759 2895 841 2954 nihil
858 2890 1012 2974 habuisse,

93 3007 178 3084 quod
204 3013 324 3080 ageret,
373 3002 428 3060 sed
470 3001 606 3062 iudicem
643 3003 819 3081 quaestionis
852 3005 888 3060 in
923 3025 1014 3063 suum

93 3095 258 3172 consiliuni
277 3131 329 3170 eos
351 3111 467 3168 iudices
490 3107 694 3168 subsortitum
712 3120 800 3199 esse,
830 3127 906 3184 quos
926 3111 1014 3169 Ver-

93 3205 301 3291 res'effugere
329 3216 435 3274 vellet.
487 3215 549 3272 Res
577 3226 641 3274 tam
669 3225 717 3272 est
744 3192 873 3290 aperta,
910 3226 946 3273 ut
966 3212 1015 3276 tot

96 3326 204 3382 doctos
223 3319 495 3399 homiuestugisse
521 3305 627 3380 mirer.
681 3319 805 3377 Restat*
824 3339 913 3379 causa
936 3321 1016 3380 cln-

97 3429 238 3500 entiana;
278 3427 360 3501 (nam
396 3428 430 3486 in
473 3420 757 3513 Iuniano'iudicio
789 3426 924 3486 Verrem
952 3448 1016 3486 non
1083 3478 1087 3486 .

76 3517 249 3608 adfuisse,
283 3533 475 3592 intellectum
513 3535 574 3591 iam
605 3533 679 3607 ost3)
723 3531 757 3588 in
782 3553 818 3590 ea
848 3524 1028 3605 Manutius,

99 3639 277 3714 Ferretius,
314 3639 368 3698 alii
400 3636 639 3716 Q.'Voconiu1n
668 3637 824 3731 Nasonem
851 3647 1017 3715 praetorem
