2225 4142
481 216 526 332 ιι

44 467 176 528 Luculli
210 483 332 530 ventum
366 483 461 541 essct,
496 473 580 529 omni
608 484 768 548 apparatu
794 477 968 532 venustatis

45 585 209 668 urnulam,
240 586 271 636 et
299 555 359 636 hoe
385 576 594 653 fragmentum
622 587 694 636 ante
723 576 758 635 id
776 577 966 652 ponendum,

47 681 132 754 quod
154 679 338 756 significavi:
355 696 358 711 ·
376 685 509 742 Lucullo
539 683 663 763 quidem
683 693 785 743 noster
816 682 967 742 adventus

47 796 75 840 et
94 797 210 860 gratus
242 800 271 845 et
301 790 455 848 ineundus
474 767 606 866 juisse·
650 788 701 846 Ad
731 789 861 846 eandem
887 809 966 862 rem,

46 887 134 963 signa
155 901 186 949 et
206 892 326 952 tabulas
349 895 466 972 pietas,
495 915 579 968 non,
609 880 645 952 ut
666 895 808 969 Sigonius
825 895 968 970 putabet,
1008 948 1011 956 .
1089 913 1093 932 ⁸

47 994 88 1052 ad
117 995 344 1074 eloquentiam,
377 1009 495 1078 spectat
523 1000 732 1077 fragmentum
760 1002 869 1077 quinto
897 1003 968 1060 loco

45 1104 185 1178 positum
215 1125 256 1167 ex
276 1104 394 1166 Nouio.
423 1123 427 1142 ¹
456 1105 561 1166 Posita
588 1105 654 1166 haec
690 1105 724 1166 in
743 1105 875 1166 exordio
896 1085 968 1168 ser2

45 1210 148 1276 monis
170 1220 268 1269 erant.

113 1359 118 1363 “
140 1347 202 1408 Sed
223 1350 294 1412 setis
315 1349 375 1408 iam
398 1349 454 1410 diu
480 1350 515 1410 in
548 1348 729 1427 fragmentis
750 1353 970 1432 conquirendis

47 1455 169 1513 versari
188 1456 348 1531 videmur,
373 1464 410 1515 ut
429 1456 502 1521 liam
521 1457 760 1534 'respiciendum
780 1459 822 1516 sit
848 1461 887 1520 ad
925 1481 971 1534 ea,
1055 1456 1058 1464 ’

48 1579 117 1637 quas
147 1561 327 1638 integrioris
362 1563 414 1640 ud¹
430 1582 487 1620 nos
515 1562 737 1638 pervenerunt.
792 1563 974 1627 Instituenti

49 1666 135 1724 enim
153 1665 231 1724 mihi
252 1667 451 1744 questionem
483 1667 523 1725 de
553 1668 780 1727 commentariis
800 1667 863 1747 ἰῌίι
884 1671 974 1728 Ver-

47 1771 191 1832 rinarum
213 1773 405 1846 orationum,
442 1772 496 1848 qui
516 1770 645 1857 Asconii
672 1792 736 1831 esse
757 1771 974 1848 credebantur,

48 1880 84 1940 in
105 1881 180 1956 ipsis
195 1881 356 1956 prioribus
377 1878 570 1937 orationibus
590 1878 742 1936 nonnulla
765 1877 972 1938 occurrebant

50 1989 89 2047 de
111 1979 223 2064 quibus
245 1984 370 2056 rectius,
396 1982 621 2060 quamxfactum
643 1993 720 2041 esset
741 1979 780 2038 ab
797 1981 877 2052 eliis,
896 1983 975 2047 mihi

48 2093 190 2154 iudicare
212 2089 357 2163 videbam
377 2089 436 2146 alis
458 2089 641 2148 antemium
662 2091 771 2162 antea,
816 2068 910 2163 quum
934 2087 975 2146 de

48 2197 198 2265 extremis
218 2196 328 2275 haruin
346 2195 521 2254 orationum
537 2175 627 2252 libiis
645 2193 885 2285 commentabar,
905 2193 975 2250 eol-

28 2305 197 2382 ¹legeram,
218 2297 285 2380 quae
306 2300 357 2360 hic
380 2302 496 2378 exponi
524 2279 581 2361 neb
613 2321 671 2379 per
699 2321 732 2359 se
760 2292 902 2375 ineptum'
922 2296 976 2356 vi.-

52 2411 161 2494 detur,
196 2406 357 2503 quonium
363 2407 481 2484 aliquid
502 2410 548 2467 ad
561 2406 639 2466 hano
664 2405 824 2464 Ciceronis
846 2421 977 2481 operum
999 2420 1025 2491 st

51 2525 175 2593 partem
201 2517 262 2572 iam
291 2512 469 2583 attulimus,
505 2523 536 2571 et
565 2512 742 2570 faciendum
761 2510 795 2568 id
821 2531 858 2569 eo
881 2509 976 2585 magis

54 2630 111 2697 est,
134 2596 218 2698 quod
239 2618 391 2677 nonnulla
412 2639 452 2678 ex
457 2618 519 2676 his
541 2619 628 2693 attigi
650 2617 684 2674 in
705 2594 915 2694 disputatione
937 2618 976 2675 de

7 2711 9 2716 ¹
52 2727 188 2786 Asconio
208 2719 252 2802 ⁷).
321 2726 376 2782 Αο
404 2725 540 2802 primum
568 2724 692 2802 quidem
714 2725 858 2799 quoniam
881 2742 916 2781 in
932 2723 977 2780 11

52 2833 113 2916 bro
143 2839 253 2907 quarto
293 2841 324 2890 et
347 2831 455 2909 quinto
477 2831 510 2888 id
536 2850 632 2910 genus
654 2828 877 2889 emendationis
900 2847 977 2903 pcr-

53 2948 176 2997 secutus
205 2955 290 3006 sum,
316 2947 362 2996 *ut
391 2936 599 2998 additamenta
636 2932 839 2995 librariorum
878 2933 976 2990 tolle-

53 3065 140 3118 rem,
172 3053 211 3103 ιιῒι
233 3031 547 3122 interpretationibus
578 3061 687 3101 eornm
710 3041 815 3098 eiectis
836 3047 976 3098 veterem

8 3177 9 3184 ι
53 3151 218 3208 meliorum
259 3151 399 3210 codicum
444 3151 610 3210 lectionem
645 3146 863 3214 restituerem,
910 3144 979 3201 dixi

54 3259 139 3332 alibi,
160 3247 276 3334 buitim
298 3256 332 3314 in
355 3255 402 3314 his
424 3255 583 3334 prioribus
607 3250 696 3310 libris
723 3251 817 3331 paulo
845 3247 977 3307 fortasse

53 3365 156 3422 minus
184 3362 245 3420 late
276 3371 384 3440 patere
411 3363 492 3422 illud
523 3356 735 3438 corruptionis
765 3375 860 3433 genus
891 3346 976 3428 (num

52 3531 322 3551 d--n—

96 3645 123 3714 ⁷)
135 3644 248 3694 maxime
269 3661 327 3712 pag.
348 3643 395 3692 101
416 3659 455 3712 sq.
476 3654 529 3693 not.
