2225 4142
539 295 614 396 ⁸aa
704 322 706 327 ·

92 535 94 543 ⁴
120 525 226 590 passus
252 515 299 566 est
330 487 542 583 Quintilianus
559 503 609 586 ²);
648 523 720 564 nam
751 523 793 565 ex
819 501 891 564 ficta
913 500 1054 591 Antonii

89 631 94 656 ³
122 615 265 680 oratione
288 615 322 672 in
341 622 415 692 toga
425 611 554 671 candida
569 613 627 670 ista
636 596 735 670 sumta
750 631 815 670 esse
832 621 975 689 apertum
988 625 1048 673 est.
1105 558 1107 707 i

124 723 237 781 Sedet
260 720 293 778 in
317 720 468 778 Cicerone
499 737 554 775 suo
584 716 797 800 diligentiores
828 717 924 778 fuisse
954 731 1045 797 puto,
1105 714 1107 739 i

58 905 60 910 Ι
121 829 210 894 cuius
230 824 403 905 praescrtim
426 831 457 881 et
481 823 716 881 commentarios
742 812 898 882 baberent
922 834 953 882 et
972 827 1077 901 epi-¹

121 934 215 993 stolas
233 933 360 1015 plures,
400 947 490 1017 quam
517 947 607 1003 nos,
625 936 656 986 et
681 906 810 986 Tironis
828 929 867 987 de
891 929 957 988 eius
978 930 1047 991 vita
1105 954 1106 1001 1

121 1039 230 1112 libros,
254 1045 285 1096 et
303 1035 471 1096 Asconium
498 1031 589 1092 hac
578 1054 613 1092 sn
640 1052 677 1091 re
700 1033 846 1110 praeclare
871 1034 973 1093 omnia
990 1033 1046 1093 vi·

123 1144 202 1202 disse
220 1150 362 1238 apparet,
382 1150 531 1218 recteque
554 1136 675 1198 habitas
709 1141 865 1200 orationes
887 1135 930 1198 ab
954 1139 1047 1200 editis
1105 1130 1106 1201 l

16 1257 19 1264 ’
81 1291 86 1301 .
125 1248 316 1332 discrevisse,
340 1256 376 1305 ut
401 1248 501 1306 multo
531 1246 632 1305 minus
655 1245 831 1324 probabile
845 1247 886 1304 sit
910 1267 1003 1305 eum
1013 1246 1049 1305 in

122 1353 274 1414 Cicerone
291 1355 454 1431 deceptum
487 1373 552 1413 esse
571 1355 613 1428 3.)
670 1351 755 1411 Illud
787 1350 913 1415 minime
940 1352 1046 1429 negli-

64 1453 75 1474 *
121 1459 275 1536 gendum
273 1460 351 1518 m1h1
360 1459 497 1534 videtur,
521 1458 606 1543 quod
618 1457 769 1516 Asconius
787 1457 834 1516 bis
852 1459 890 1515 de
913 1461 1046 1534 arnapi

68 1539 74 1561 Ι
121 1584 191 1630 cum
213 1585 376 1642 responso,
414 1582 479 1623 non
502 1554 675 1641 responsis
689 1563 877 1641 appellavit,
905 1563 933 1620 si
962 1563 1047 1622 enim

122 1679 161 1758 ut
179 1669 438 1748 wolfius'putat,
463 1669 513 1729 cui
532 1687 589 1748 ego
612 1672 779 1748 adsentior,
802 1671 989 1731 declamator
1005 1690 1047 1728 ex

122 1791 197 1835 vern
221 1777 363 1836 oratione
387 1767 580 1836 declamandi
597 1777 788 1839 occasionem
803 1773 948 1853 arripuit,
969 1773 1046 1852 quid

96 1876 101 1886 ’
121 1876 243 1972 facilius
262 1902 351 1960 quam
375 1873 416 1942 ex
438 1868 744 1961 responsorespoirsa
761 1884 872 1956 iacere,
893 1890 931 1939 nt
952 1879 1046 1957 plura

61 2001 69 2018 ·
122 1983 225 2046 dicere
237 1989 360 2064 posset?
389 1989 435 2048 Ac
454 1978 526 2048 satie
535 1989 686 2048 eiusmodi
696 1987 834 2058 consilia,
857 1988 963 2066 qualia
972 1987 1046 2044 inde
1105 1966 1106 1993 ³

121 2111 138 2146 a
154 2111 218 2168 cup.
244 2095 294 2160 19.
320 2075 982 2184 istius,orationislexponuntur,*nunquam
1006 2091 1045 2149 ab

118 2193 333 2274 haruspicibus
356 2201 427 2258 data
447 2181 573 2277 putem,
598 2219 731 2276 quorum
755 2210 822 2258 erat
845 2203 884 2258 de
904 2200 953 2273 iis,
977 2219 1043 2276 quc
1105 2192 1106 2195 ¹

36 2331 39 2336 ·
121 2301 159 2358 ad
179 2303 362 2378 religionem
385 2307 590 2381 pertinerent,
615 2324 758 2379 monere,
779 2301 844 2364 ndu
865 2303 1044 2366 senatorum

120 2405 160 2464 de
187 2408 347 2484 republica
371 2409 610 2468 consultantium
633 2419 738 2484 partes
770 2430 862 2488 agere
879 2412 926 2488 4).
983 2413 1045 2472 Sed

68 2492 73 2498 „
118 2511 279 2588 redeoeo,
303 2515 465 2574 undesum
476 2499 639 2592 digressus.
685 2513 855 2578 Ascanium
868 2517 952 2580 enim
966 2516 1045 2578 mihi

123 2655 394 2706 —--)--—-
578 2612 580 2619 '
976 2635 979 2637 Δ

155 2740 184 2816 ²)
202 2747 410 2823 ”Quintilianum
420 2774 509 2808 meum
526 2775 582 2808 non
596 2729 663 2808 adeo
680 2775 804 2826 magnum
815 2761 936 2810 criticum
945 2777 1045 2830 exper-

124 2847 126 2856 '
196 2852 237 2893 tus
256 2842 323 2919 mihi
341 2845 462 2898 videor.”
504 2847 596 2918 Spald·
616 2846 651 2898 ad
671 2848 762 2922 Quint,
780 2849 835 2920 Ν,
856 2855 887 2917 1,
906 2851 951 2907 68.

129 2927 132 2940 ’
157 2929 184 3002 3)
199 2937 251 2992 illo
272 2927 380 3010 quidem
399 2949 535 3008 tempore,
569 2959 622 3009 quo
642 2940 782 3003 Markland
800 2943 921 3014 putabat,
946 2944 1042 3013 idest,

195 3042 256 3098 post
273 3050 297 3082 a.
319 3021 380 3084 786.
392 3033 572 3101 'compositam
589 3031 805 3110 declamationem
819 3033 953 3087 Ascanium
969 3055 1044 3086 nun-
1105 3074 1106 3081 ,

200 3135 279 3190 quam
306 3141 355 3192 pro
377 3119 547 3176 Ciceroniana
568 3121 717 3190 habuisset,
750 3143 782 3176 eo
801 3129 873 3191 enim
896 3146 966 3178 anno
985 3132 1044 3179 sine

197 3211 280 3264 dubio
298 3217 336 3266 ita
355 3217 408 3266 iam
423 3213 519 3282 legerat
529 3209 665 3266 Ciceronis
689 3218 829 3289 craticulae,
850 3228 879 3266 ut
894 3236 979 3272 novas
990 3237 1043 3270 ne-

196 3311 251 3358 scio
267 3305 338 3357 unde
357 3305 443 3376 subito
465 3304 562 3365 oblatas
582 3319 736 3376 accepturae
755 3327 811 3359 non
829 3323 906 3362 esset.

149 3393 179 3465 4)
196 3397 238 3450 De
255 3402 314 3470 ipso
334 3399 381 3450 illo
406 3399 529 3468 oratimris
552 3396 613 3447 loco
641 3400 701 3450 satis
726 3400 794 3451 mihi
810 3414 910 3452 certum
924 3403 1040 3470 videtur,
1105 3438 1106 3483 1

194 3487 350 3542 Ciceronem
381 3508 435 3540 non
460 3493 496 3542 ita
515 3490 664 3558 scripsisse,
701 3503 745 3574 ut,
781 3511 911 3562 quumc
938 3499 981 3548 11.
1007 3495 1043 3545 de
1105 3500 1106 3567 1

194 3580 390 3648 Megalensibus
405 3584 586 3650 exposuisset,
615 3589 640 3630 ct
659 3582 700 3632 12.
720 3586 796 3653 quasi
816 3584 850 3634 de
863 3586 914 3636 alia
932 3605 963 3640 re
982 3598 1042 3640 ante
1105 3580 1107 3667 1

193 3653 319 3750 misisset,
347 3675 383 3727 ita
400 3673 544 3732 ordiretur:
572 3671 645 3725 nam
665 3676 731 3744 quid
746 3693 793 3751 ego
814 3675 866 3732 &a

1105 3850 1106 3893 l

1105 3896 1106 3921 1

1105 3924 1107 3953 l
