2225 4142
61 477 125 536 Hoc
151 473 335 538 coufirmaut
373 475 445 536 Silii
481 451 623 538 versibus
654 475 782 553 aliquot,
807 475 919 555 quibus
946 476 975 536 is

61 582 198 642 iuvenem
221 581 415 653 Patauinum,
432 581 613 664 Pediauum,
636 581 715 641 belli
732 582 876 660 pacisque
894 580 975 642 urti-

62 686 116 745 bus
131 661 287 764 egre'gium
305 688 350 744 ita
369 685 524 756 celebrat,
553 698 590 746 ut
609 707 662 746 eos
683 685 812 746 Asconii
834 686 968 755 Pediani

61 789 181 850 honoris
206 813 299 852 causa
317 791 448 870 scriptos
466 801 578 868 putent
590 792 628 874 ⁹).
657 790 975 852 CertePedianosia·

61 897 145 956 miliae
153 899 338 976 antiquitate
348 899 447 957 claros
464 897 585 956 Patavii
601 898 704 956 sedem
713 894 974 957 babuisseosten-

60 1002 128 1061 dere
138 1003 296 1078 videntur,
317 1013 348 1062 et
366 1003 400 1061 in
410 1025 444 1061 ea
454 1001 573 1060 familia
584 1002 685 1062 studia
695 1003 857 1062 literarum
867 1001 975 1062 fuisse.

61 1106 183 1168 Certum
209 1109 291 1169 enim
314 1127 378 1166 esse
400 1107 526 1192 videtur
548 1105 601 1165 vel
624 1127 666 1166 ex
686 1107 827 1185 nomine,
852 1107 975 1183 silium,

59 1208 89 1269 iu
109 1210 169 1272 boc
192 1233 316 1291 quoque
339 1210 470 1290 Virgilii
486 1213 690 1284 imitatorem,
713 1233 774 1272 suaa
792 1212 889 1272 statis
912 1212 975 1272 bo-

62 1315 169 1376 minem
201 1318 250 1378 his
283 1318 424 1378 versibus
461 1313 701 1397 significass01).
748 1319 851 1394 Ipsum
872 1328 976 1378 autem

61 1425 348 1483 commentariorum
368 1422 553 1499 scriptorem
576 1441 638 1499 quo
659 1420 761 1481 miuus
783 1443 801 1480 a
818 1423 897 1482 Silio
919 1444 975 1482 ce-

20 1531 22 1554 *
62 1522 212 1588 lebratum
231 1539 348 1608 putem,
371 1527 528 1606 probibet,
551 1537 618 1586 tum
640 1527 726 1605 quod
747 1533 852 1587 se'uem
872 1527 974 1617 risco-

20 1701 22 1734 l

62 1627 139 1690 nium
180 1627 291 1710 (senex
326 1644 429 1694 autem
470 1631 548 1710 tuit,
587 1653 682 1711 quum
714 1631 975 1692 Silius'oarmina

20 1791 21 1798 ,
62 1782 326 1810 ····--........

127 1911 254 1972 quuntur.
309 1900 445 1953 Fabricius
459 1891 555 1952 'lautlat
576 1899 766 1953 Bemardinum
787 1899 978 1952 Scardeonium

132 1987 165 2042 da
190 1996 341 2064 antiquitate
361 1993 434 2042 urbis
454 1995 554 2044 Patavii
575 2004 600 2043 et
618 1993 694 2044 claris
713 1990 816 2042 civibus
831 1991 976 2048 l’atuvinis.

128 2083 247 2134 Vossius
268 2085 326 2150 ipse
346 2083 376 2129 in
399 2082 466 2132 hunc
487 2086 641 2134 sententiam
665 2083 779 2142 transiit,
815 2099 897 2147 quum
919 2098 977 2129 cum

125 2179 158 2224 in
172 2174 259 2242 prima
270 2171 333 2224 edit.
346 2169 475 2230 librorum
488 2170 521 2221 de
535 2172 668 2222 historicis
683 2161 785 2222 Latinis
795 2168 978 2238 improbasset.

89 2271 114 2340 9)
127 2277 225 2326 Punic.
248 2275 313 2338 XII,
338 2275 390 2326 212
407 2291 447 2342 sq.
466 2275 581 2324 maxime
606 2289 634 2323 v.
659 2273 712 2324 217
729 2290 770 2341 sq·
815 2273 888 2322 Huic
902 2283 980 2339 poter

129 2369 265 2418 Eridanus
292 2369 448 2436 Venetaeque
473 2384 507 2415 cx
531 2367 620 2416 ordine
640 2375 747 2433 gentes,
779 2357 867 2431 Atque
884 2365 978 2430 Apono

129 2462 250 2529 gaudens
266 2458 392 2526 populus,
426 2477 470 2508 seu
488 2455 556 2506 bella
577 2459 673 2519 cieret,
702 2454 754 2503 Seu
776 2455 872 2502 Musas
886 2452 980 2522 ploci-

133 2553 184 2600 ‹Ios
206 2552 338 2618 doctccque
358 2545 464 2598 silentio
484 2548 547 2598 vitm
571 2545 687 2610 Mollet,
720 2557 745 2594 et
768 2544 856 2592 Aonio
878 2541 978 2611 plectro

131 2640 244 2692 trrulcere
263 2642 379 2704 labores,
410 2638 471 2688 Non
489 2636 568 2688 ullum
590 2638 678 2686 dixeie
695 2653 803 2702 parem5
829 2651 876 2683 nec
894 2632 980 2683 notior

134 2731 204 2802 thcr
224 2731 342 2782 Gradivo
359 2733 481 2808 iuvenis„
496 2747 542 2780 nee
561 2727 663 2776 Phoebo
683 2727 769 2775 notior
786 2725 863 2780 alter.

25 2857 26 2864 ¹
91 2835 118 2903 1)
130 2835 200 2885 Dixi
218 2837 366 2897 Pediunos,·
395 2837 418 2884 si
447 2835 518 2883 enim
540 2833 598 2899 ipse
623 2825 870 2907 commentariorum¹
889 2833 980 2876 auctor

134 2945 191 2976 non
210 2924 381 2993 intelligitur,
412 2922 544 2995 sedulius
568 2922 644 2990 quis,
675 2917 766 2988 plures
791 2927 860 2966 certe
877 2931 911 2966 eo
926 2907 980 2972 ito-

135 3020 208 3066 mine
234 3016 348 3066 fuerunt.
394 3012 435 3064 Ao
460 3015 526 3064 mibi
550 3011 650 3063 Silius.
683 3025 765 3077 quum
790 3007 827 3057 ita
856 3003 983 3061 scriberet

134 3103 206 3173 (214
224 3104 292 3175 sq.).
347 3109 437 3174 Atque
458 3108 606 3155 Antenoreo
622 3119 682 3163 'sese
699 3103 731 3150 ἀι
753 3099 835 3165 stirpe
865 3091 981 3161 serebat,

133 3204 218 3253 Haud
233 3200 313 3250 levior
324 3199 426 3266 generis
436 3195 521 3266 fama
539 3184 663 3261 sacroque
686 3191 797 3242 Timavo
819 3185 926 3252 Gloria,
955 3199 982 3238 ct

134 3293 268 3362 Euganeis
285 3288 406 3340 dilectoni
427 3307 516 3338 nomen
534 3289 561 3336 in
585 3285 652 3348 oris,
685 3299 740 3332 uon
757 3275 863 3328 videtur
884 3295 983 3328 nomen

134 3387 166 3435 in
191 3401 243 3431 uno
269 3377 358 3448 a‘liquo
392 3398 426 3430 ex
453 3390 539 3447 gente
557 3373 640 3427 Pedia
666 3375 695 3423 in
720 3369 801 3420 aliam
826 3380 981 3436 transgresso

135 3486 290 3544 usurpatum
320 3458 453 3540 positurus
485 3468 577 3530 luisse.
625 3464 682 3517 Aut
709 3463 788 3528 igitur
806 3477 861 3510 non
888 3477 923 3510 ex
951 3474 983 3510 ea

136 3576 213 3634 gente
239 3563 384 3626 derivatum
407 3579 503 3612 nomen
530 3571 584 3622 est,
611 3567 655 3606 aut
679 3560 707 3605 in
732 3549 853 3622 pluribus
877 3551 981 3613 mansit,

139 3667 169 3705 ut
187 3652 283 3706 factum
296 3654 326 3704 in
344 3652 402 3703 aliis
412 3669 517 3724 quoque
538 3660 591 3715 est,
617 3650 803 3716 imperatorum
812 3638 981 3710 temporibus.

646 3839 654 3852 ἱ
733 3735 782 3816 tu
