2225 4142
569 351 619 420 26

135 571 195 636 reti
221 555 358 620 Gravior
367 569 412 619 est
422 556 650 645 errorpag.,70.
659 558 1062 620 ubiCieeronitribnuntur

134 667 365 743 verbaAagent
373 668 425 738 (B.
437 670 575 743 angens)
584 687 732 744 magnum
740 666 893 744 quendam
904 667 1063 723 cnmnlnm
1096 738 1097 755 χ

136 777 213 832 ceris
237 774 346 839 alieni,
365 790 435 847 quse
454 789 554 846 neque
583 770 651 848 ipse
674 771 879 830 Ciceroniana
899 770 1056 844 videntur,
1097 800 1099 893 p

136 887 168 936 et
187 877 317 955 pessime
341 874 535 934 diuelluntur
555 895 574 933 a
601 876 753 953 proximis
778 877 961 955 interpretis
986 898 1059 938 ver·
1097 900 1098 941 1

81 1023 83 1030 ,
135 983 208 1054 bis„
248 982 299 1040 Ad
320 980 418 1039 verba
447 980 606 1040 Ciceronis
634 981 847 1040 Creditoribns
877 988 946 1041 sais
976 1005 1060 1060 spem
1098 1008 1100 1062 !

136 1102 289 1149 ostentare
311 1089 487 1165 provinciae
510 1087 667 1146 videretur
692 1087 847 1162 interpres
880 1090 1060 1149 adnotavitt

135 1199 179 1256 Et
205 1193 418 1271 defeneratum
436 1191 504 1249 'Irae
531 1195 567 1249 in
595 1206 691 1269 parte
716 1195 901 1270 significat,
942 1195 1060 1272 tingens
1099 1218 1101 1349 p

137 1321 287 1379 magnam
309 1300 463 1376 quendam
486 1300 642 1358 camalam
664 1302 742 1356 oeris
766 1302 875 1375 alieni,
898 1304 983 1380 qnod
1002 1323 1059 1359 non
1099 1356 1100 1361 ,

135 1412 187 1465 &a
245 1405 397 1463 Monendi
428 1405 560 1463 lectores
580 1413 670 1477 sunt,
705 1403 740 1462 in
774 1383 879 1466 codice
902 1406 1060 1466 Ciceronis
1100 1428 1102 1539 p

93 1505 101 1512 ’
135 1521 167 1571 et
186 1507 366 1586 interpretis
385 1511 481 1569 verba
504 1499 616 1568 eisdem
634 1506 796 1571 literarum
816 1529 930 1588 genere
947 1513 1061 1588 scripta
1100 1542 1101 1557 ι

49 1607 50 1612 ¹
135 1637 219 1690 csse,
253 1607 325 1689 nde,
357 1619 383 1674 si
404 1615 579 1694 speciminis
601 1615 678 1676 Maii
714 1616 846 1676 editioni
874 1616 988 1680 adiecti
1010 1626 1059 1674 ta-

135 1723 218 1782 bulae
235 1721 384 1795 secunde,
406 1720 440 1779 in
456 1741 516 1799 qua
523 1721 619 1780 verba
629 1743 669 1780 ex
678 1731 757 1782 orat.
768 1728 807 1782 de
817 1741 878 1784 sere
885 1721 988 1780 alieno
996 1722 1059 1781 Mi-

134 1828 217 1886 lonis
228 1826 424 1902 exhibentur,
445 1825 607 1900 credimus,
624 1828 730 1903 spatiis
739 1827 813 1885 ullis
823 1810 966 1902 disiungi,
978 1827 1058 1904 qnod

133 1933 324 2011 persuadere
345 1931 413 1988 eliis
434 1931 567 1990 voluisse
584 1929 711 1990 ridetur
730 1930 832 1993 Maius
853 1950 883 2010 p.
909 1932 973 1997 104
995 1944 1056 1993 not.

134 2039 164 2105 6.
224 2038 309 2098 Idem
338 2056 428 2095 error
451 2037 485 2094 in
503 2036 608 2096 verbis
632 2031 793 2099 Ciceronis
824 2051 856 2099 et
880 2041 1058 2118 interpretis

134 2145 313 2223 separandis
337 2143 415 2201 alios
432 2144 546 2218 genuit„
562 2162 632 2220 pag.
655 2143 697 2208 73
719 2148 767 2223 (p.
788 2146 831 2212 97
849 2152 882 2208 Β.
909 2147 972 2210 153
985 2147 1058 2230 Or.)

134 2251 192 2312 nbi
215 2245 374 2310 Ciceronis
393 2246 463 2306 'haee
502 2269 568 2308 esse
592 2260 763 2326 putantur:
800 2256 899 2314 Gaias
920 2253 1060 2314 satisda-

133 2359 232 2416 tiones
257 2374 374 2432 semper
397 2353 579 2412 indicantur
601 2332 740 2424 inducis
783 2358 877 2427 Beier
913 2359 1059 2418 iudicari·
1100 2398 1104 2413 .

48 2531 51 2540 ,
133 2475 187 2522 tar
219 2463 328 2520 indnei'
361 2459 459 2516 edidit
490 2469 599 2519 contra
637 2464 787 2523 sermonis
815 2485 919 2524 nsum:
957 2473 1059 2542 postea

132 2565 311 2643 Kreyssigii
336 2564 546 2640 coniecturam
578 2565 726 2624 dicantar
756 2571 866 2628 indnci
905 2571 1056 2649 probavit,

134 2692 195 2750 que
211 2669 356 2748 languide
373 2668 408 2727 fit
427 2672 538 2742 oratio,
559 2673 779 2752 omnisqnevis
795 2675 906 2750 ironiae
924 2677 1056 2738 tollitur.

95 2815 98 2822 ·
132 2777 314 2854 Legendnm
339 2784 399 2833 est.
440 2779 538 2834 Cnins
562 2781 784 2838 satisdationes
809 2804 927 2860 semper
963 2783 1057 2842 indn-

132 2898 252 2944 cnntar.
328 2883 403 2941 Hac
430 2881 591 2941 Ciceronis
615 2896 696 2961 sunt,
734 2889 773 2946 ad
805 2909 873 2967 qun
891 2891 1060 2968 interpres:

37 3041 41 3046 .
131 2993 246 3052 Indztci
269 2959 490 3048 satisdationes
523 2991 603 3051 dicit
637 2995 774 3052 rescindi
802 3000 956 3065 sententia
973 3019 1061 3076 prce-

134 3101 220 3156 toris.

225 3203 277 3260 Ex
298 3201 439 3261 oratione
462 3201 500 3262 de
523 3223 584 3263 aere
609 3205 711 3266 alieno
734 3209 863 3270 Milonis
884 3227 917 3286 p.
936 3209 979 3277 99
1000 3205 1060 3294 ΙΨ

132 3308 322 3368 afferuntur:
353 3309 433 3367 Nisi
464 3329 533 3366 vera
565 3311 752 3372 liniamenta
782 3315 920 3374 bominis
954 3300 982 3374 et
1006 3337 1060 3373 no-

134 3435 202 3470 men
218 3414 267 3490 fig
263 3415 343 3474 nris
358 3392 510 3499 positum,
534 3437 596 3474 non
619 3425 744 3479 nataris
759 3435 866 3501 potas.
914 3423 981 3480 Hic
1004 3443 1061 3480 ne·

136 3537 196 3593 qne
232 3517 405 3574 orationem
432 3529 547 3578 rectam
580 3545 645 3585 esse
664 3547 766 3605 neque
794 3548 917 3587 sensnm
949 3527 1059 3596 ullum,

126 3631 240 3703 omnes
261 3621 369 3680 videre
393 3634 496 3726 puto5
527 3628 602 3702 qnid
627 3641 672 3691 est
699 3634 782 3695 enim
804 3626 990 3692 liniamenta
1022 3636 1060 3689 in

130 3723 256 3802 figaris
274 3728 381 3801 posita
399 3734 489 3790 esse?
515 3731 557 3792 Et
578 3747 625 3796 est
653 3737 687 3797 in
708 3737 816 3802 codice
839 3740 976 3800 hominis
1002 3759 1059 3796 na·

747 3826 775 3852 -t
