2225 4142
497 214 570 290 146

77 427 140 491 iam
172 408 256 488 totns
278 425 330 488 hio
352 426 439 487 locus
463 425 688 504 relinquendus
714 425 877 500 videatur}
917 425 945 484 si
963 446 1011 485 ex

79 507 238 596 Ciceronis
258 530 355 594 aete'tis
373 531 504 591 historie
522 531 569 592 M.
589 531 729 592 Lollium
751 530 932 617 Palicanum
949 551 1008 590 su-

79 639 212 712 stulero,
238 659 279 697 ex
301 639 372 698 loco
392 637 497 714 aliquo
520 635 613 696 liuius
637 637 851 722 commentarii
871 634 1009 696 illatum·

24 787 29 800 .
80 746 125 804 Μ.
162 743 340 813 Palicanus,
385 761 475 818 quem
505 741 633 820 Pighius
672 751 706 810 et
734 751 806 820 post
840 762 911 801 eum
947 762 1013 800 cee-
1099 726 1105 745 ¹

79 850 140 931 teri
169 849 330 908 tribunum
365 844 485 926 faciunt
508 847 549 912 L.
580 847 698 921 Gellio,
724 857 755 908 et
781 846 840 906 Cn.
868 844 1011 929 Lentulo

80 977 156 1014 coss.
176 935 266 1026 682,
303 951 382 1012 mihi
401 931 548 1015 tribunus
571 951 668 1012 inisse
693 953 820 1012 ridetur
850 951 908 1013 Cn.
937 949 1012 1010 Au-

80 1061 154 1120 fidio
175 1059 210 1120 P.
233 1057 370 1118 Lentulo
390 1079 466 1118 coss.
488 1079 516 1118 e.
539 1059 613 1123 683.
656 1056 865 1136 Quum-enim
885 1076 915 1112 a.
932 1054 1011 1118 682.
1097 1044 1105 1120 ζ

81 1167 239 1244 aliquanto
252 1172 336 1245 'ente
360 1163 430 1223 Kal.
451 1164 525 1223 Dec.
550 1165 658 1223 Romae
676 1165 709 1223 in
724 1173 835 1224 senatu
856 1162 895 1221 de
915 1181 1011 1220 causa

84 1269 205 1332 Sthenii
229 1269 270 1327 ob
278 1267 389 1328 Verris
407 1268 555 1332 iniurium
572 1251 618 1328 ex*
631 1268 738 1328 Sicilia
760 1267 889 1347 profugi
906 1277 1014 1326 ectum

82 1384 170 1451 esset,
193 1373 348 1434 Verres'
337 1375 413 1451 1psis
433 1373 500 1432 Cel.
522 1373 688 1437 Decembr.
713 1363 875 1437 Sthenium
891 1373 1012 1432 abren-

80 1490 145 1539 tem
183 1479 352 1560 Syracusis
375 1477 534 1538 damnavit
549 1477 645 1580 (Cic.
679 1477 713 1538 in
744 1481 839 1538 Verr.
871 1480 920 1551 ΙΙ,
955 1473 1010 1553 40,

8 1592 11 1602 ’
82 1587 138 1660 96,
168 1586 225 1658 97,
249 1585 315 1665 98)
358 1583 469 1647 Postea
493 1599 588 1660 quum
610 1585 810 1663 comperisset
831 1585 1015 1644 Palicanum

83 1692 279 1752 tribunum·
267 1712 302 1750 sn
331 1688 480 1749 concione
511 1691 656 1768 questum
677 1691 717 1750 de
742 1711 779 1750 ea
797 1711 834 1750 re
861 1711 945 1764 esse,
978 1701 1013 1750 et

83 1796 273 1856 Ciceronem¹
288 1794 410 1857 Sthenii
430 1814 550 1854 causam
574 1797 658 1876 apud
675 1797 841 1874 collegium
856 1797 1013 1856 tribuno-

83 1923 169 1964 rum
187 1902 298 1980 egisse,
327 1895 500 1980 pertimuit.
542 1903 620 1962 Haec
641 1902 738 1978 igitur
748 1914 793 1964 et
816 1921 838 1960 ι
863 1900 1010 1960 Palicano
1102 1930 1109 1941 ,

85 2017 117 2066 et
143 2028 161 2065 a
187 2009 346 2102 Cicerone
375 2016 448 2084 post
480 2005 588 2069 Nonne
619 2007 808 2066 Decembres
834 2000 912 2065 mihi
940 2015 1012 2065 acta

84 2113 249 2192 videntur,
286 2123 332 2174 ut
354 2083 517 2172 Palicanus
547 2111 758 2172 tribunatum
771 2112 879 2171 inierit
906 2111 1012 2171 Nonis

83 2219 231 2278 Decemb.
248 2240 275 2276 a.
293 2219 363 2284 682
373 2217 413 2299 ’).
435 2221 541 2277 Hunc
551 2217 708 2292 interpres
729 2217 965 2294 postsrcmrum
979 2229 1014 2279 et
1072 2256 1077 2260 ·

86 2294 292 2397 Quiritiumin
300 2322 464 2382 tribunitia
477 2317 828 2400 potestaterestitueuda
837 2322 1015 2386 elaborasse

84 2429 182 2487 tradit
201 2429 248 2488 ed.
264 2429 338 2493 Div.
347 2428 409 2506 31)
420 2425 458 2503 5
483 2437 514 2486 et
532 2427 597 2502 ipsc
615 2426 726 2486 Cicero
740 2427 846 2504 (Brut.
862 2429 915 2499 62,
928 2429 1014 2506 223)

82 2535 167 2592 iuter
188 2529 329 2594 homines
351 2533 550 2618 concionibus
573 2541 661 2610 aptos
681 2541 754 2610 post
778 2532 817 2593 L.
843 2534 1013 2611 Quintium

86 2719 355 2742 u-uh-——u-u-n

166 2869 320 2936 interposita
341 2872 467 2925 dilatione
483 2869 613 2944 decebat,
640 2871 667 2923 in
690 2874 762 2924 cuius
778 2876 947 2942 peroratione
966 2879 1014 2927 vi-

143 2961 272 3018 ,delmtur
293 2965 445 3028 obscuritas.
487 2965 517 3013 ln
533 2963 575 3012 his
595 2966 719 3014 extremis
738 2982 823 3024 novus
840 2984 922 3016 error.
950 2968 1014 3017 Mi-

165 3050 240 3106 rifice
262 3053 322 3106 lisso
338 3057 427 3118 omnin
442 3057 569 3106 asteriscis
588 3057 642 3106 suis
659 3067 745 3106 tuetur
760 3054 928 3108 Robonellue
949 3057 1015 3108 Ad-

1 3163 6 3182 ·
52 3132 56 3143 ,
167 3157 258 3196 notun.
278 3146 419 3216 11,25‘p.
439 3144 472 3196 91
491 3145 566 3197 Gnn.

124 3231 151 3300 3)
170 3233 317 3304 Convenit,
349 3231 423 3307 quod
445 3255 473 3306 p.
497 3232 535 3286 40
559 3235 593 3287 ad
612 3234 672 3287 Aet.
700 3238 734 3301 1,
771 3235 805 3290 15
818 3237 852 3288 eb
868 3242 1015 3308 interprete

110 3327 113 3337 ¹
166 3326 304 3378 Palicanus
328 3327 448 3378 tribunus
475 3326 581 3378 ridetur
596 3327 724 3397 appellari
741 3347 794 3398 quo
820 3340 938 3399 tempore
958 3329 1012 3382 Cn.

164 3416 434 3486 Pompeiusprirnnm
452 3416 486 3468 ad
504 3418 597 3469 urbem
608 3421 764 3471 concionem
778 3419 909 3487 hebuerit,
929 3443 1016 3494 quum

166 3523 200 3554 ex
223 3505 351 3575 Hispania
371 3506 489 3559 redisset.
536 3507 591 3560 sed
609 3510 684 3562 locus
706 3527 814 3564 nunciis
829 3513 954 3580 videtin,
989 3526 1016 3566 et

165 3598 196 3647 in
211 3595 254 3648 ed·
276 3599 346 3650 leet
356 3598 497 3666 publicano
511 3613 544 3652 tr.
558 3601 599 3670 pt.
