2225 4142
75 492 173 553 modo
192 491 225 552 in
249 492 325 554 edit.
347 443 363 552 i
385 479 523 569 scriptus*
535 491 592 568 sit,
623 492 691 552 dixi
709 493 743 552 in
765 489 880 572 disput
893 453 999 572 ¹pi28

75 608 160 673 not„
189 598 332 657 inutilem
363 597 541 675 corrigendi
572 618 699 676 operam
740 620 806 659 non
837 618 906 658 sum
934 608 998 660 tam
1022 648 1027 664 ,

75 706 218 783 ineptus,
249 713 284 765 ut
303 705 482 781 suscipiam,
522 705 580 763 etsi
601 705 687 765 locus
714 707 798 786 apud
821 705 998 766 Munatium

77 820 111 870 et
141 811 353 870 Hotomanutn
394 810 547 868 asteriscis
584 822 708 871 notatus
742 832 825 871 nunc
849 821 999 889 tanquam

74 916 198 993 integer
222 916 335 983 editur.
372 917 523 1002 ¹Tanturn
555 897 644 990 dico,
677 917 845 977 Asconium
871 937 936 975 non
958 916 999 975 de

75 1021 270 1099 praefecturis
302 1021 405 1082 nescio
441 1021 554 1098 quibus
574 1022 770 1100 scripsisse„
795 1025 865 1096 sed,
902 1041 998 1101 quum
1100 1043 1105 1062 ⁸

75 1127 196 1188 iudices
214 1119 266 1188 'ex
289 1127 389 1186 tribus
415 1127 548 1214 decuriis
577 1138 693 1201 essent,
724 1129 894 1204 adnotasse,
921 1129 998 1189 duas

75 1235 232 1309 decurias,
253 1227 392 1312 equitnm
415 1242 445 1292 et
462 1234 675 1303 tribunorum,
696 1233 864 1309 Cornelio,
890 1251 998 1312 popu-

74 1337 139 1396 lari
160 1337 298 1416 homini,
321 1361 385 1400 non
413 1339 541 1400 infestas
574 1316 679 1402 fuisse.
732 1342 785 1401 Dc
815 1337 878 1399 alia
905 1347 998 1420 parte

74 1442 168 1506 huius
185 1445 301 1506 lecunae
319 1445 415 1526 paulo
437 1457 510 1526 post
527 1448 636 1508 dicam.

108 1585 114 1602 κ
155 1552 260 1630 ,Initio
282 1552 380 1630 ipsius
408 1552 612 1629 expositionis
632 1553 791 1616 Ciceronis
817 1552 915 1642 verbs
933 1550 997 1614 ali-

74 1666 153 1738 quot
175 1657 348 1718 afferuntur
368 1677 400 1736 p.
424 1655 467 1724 95
489 1655 567 1735 (952
587 1679 632 1738 sq.
653 1663 710 1720 Gr.
734 1661 778 1725 20
801 1659 996 1750 Sch.):¹Po-
1072 1734 1075 1740 ²

73 1765 212 1826 stulatttr
235 1764 324 1843 apud
344 1780 390 1821 ms
409 1777 577 1842 praetorem
599 1761 662 1842 (ed.
687 1769 705 1827 Ι
735 1789 758 1825 α
780 1768 827 1833 me
845 1757 1016 1844 pr'retors)x

69 1873 211 1948 primum
234 1871 272 1929 de
297 1874 445 1947 pecuniis
470 1872 658 1950 repetundis.
719 1875 904 1951 Prospectat
942 1876 995 1935 vi-

72 1976 184 2033 delieet
204 1977 375 2051 Cominius,
398 1978 478 2056 qnid
503 1984 653 2058 agatur..
681 1979 834 2040 Videlicet
857 1978 995 2038 homines

66 2079 202 2157 formos
234 2083 270 2140 in
296 2083 430 2144 medium
458 2083 504 2142 ad
534 2083 714 2142 tentandum
739 2089 895 2163 proiectos
902 2105 916 2156 ;
958 2085 995 2144 in

72 2184 188 2264 quibus
205 2183 450 2264 fragmentorum
465 2187 602 2252 editores
614 2209 677 2248 non
697 2188 861 2250 offendisse
879 2187 995 2262 miron

71 2309 146 2350 nem
174 2311 276 2370 neque
296 2292 446 2352 ,obsoleta
480 2293 536 2354 ille
573 2297 762 2355 constructio
790 2292 996 2355 ciceroniana

74 2406 122 2456 est
138 2417 239 2475 neque
256 2399 291 2457 in
313 2399 466 2469 videlicet,
489 2417 591 2477 neque
607 2399 642 2458 in
665 2383 792 2476 scilicet,
815 2420 917 2482 neque
932 2399 993 2459 hoc

73 2501 145 2561 loco
163 2514 235 2582 spts
256 2501 472 2566 cst‘sententia
492 2504 537 2564 its
560 2525 725 2583 expressa,
756 2525 852 2587 quum
868 2507 909 2598 sd
928 2506 994 2566 Co-

71 2607 204 2670 minium
226 2604 398 2672 necessario
420 2609 520 2670 oratio
543 2597 660 2672 rcierri
679 2614 807 2690 debeat,
835 2633 937 2692 nsque
951 2595 994 2672 ,in

71 2713 122 2774 his
144 2719 319 2790 sententiis,
362 2715 474 2794 quibus
497 2718 604 2779 eadem
633 2740 683 2780 res
708 2702 915 2800 significatur,
947 2719 994 2778 its

71 2821 157 2880 inter
179 2843 211 2880 se
231 2822 470 2900 coniungendis,
509 2823 659 2882 orationis
688 2822 846 2888 structura
876 2823 994 2885 mutari

70 2925 195 3004 potuit3
223 2928 259 2992 in
283 2915 357 2988 edit.
371 2913 643 3007 I'estp'roiectnss
673 2930 795 3001 Cicero,
814 2940 851 2992 ut
867 2928 992 3010 opinor,

70 3031 195 3110 scripsit
212 3037 357 3111 proiicit.
405 3035 546 3094 Discedit
563 3033 622 3093 hoc
640 3035 832 3114 aliquantum
851 3058 869 3094 a
886 3044 994 3121 uetere

70 3139 237 3216 scriptura.
293 3141 353 3198 Sed
373 3142 511 3200 {omnino
538 3119 707 3200 tenendum
728 3152 795 3218 est,
826 3140 862 3199 in
891 3140 1011 3219 prima,

72 3244 221 3320 editione,
244 3242 330 3303 cuius
352 3246 447 3306 solius
467 3247 647 3308 testimonio
659 3246 707 3307 uti
722 3266 891 3325 possumus,
913 3245 993 3306 riti-
1074 3304 1077 3307 ,

72 3349 210 3410 osissime
221 3349 375 3428 descripta
385 3372 449 3416 esse
462 3352 561 3413 verbs
576 3362 611 3412 et
627 3353 662 3412 in
676 3346 1003 3426 formatterminatio-'

70 3475 174 3534 neque
194 3475 275 3533 saeps
298 3459 543 3538 corruptissima,
576 3459 660 3540 quod
682 3479 723 3519 ex
745 3459 809 3519 illis
835 3457 908 3517 setis
939 3456 992 3516 in-

70 3560 175 3637 telligi
196 3567 318 3636 potest,
348 3580 415 3642 qnae
439 3583 479 3624 ex
499 3565 685 3626 en'subinde
705 3567 741 3626 in
762 3567 830 3646 ipse
851 3563 995 3644 disputa·
1069 3651 1074 3658 .

68 3666 157 3730 tione
175 3665 361 3745 adtulimus,
382 3687 514 3748 quorum
533 3689 682 3736 errorum
704 3691 813 3756 magus
830 3690 904 3754 pars
925 3667 994 3734 sine

1012 284 1015 291 .
1042 310 1049 338 t
