2225 4142
525 303 552 374 9

77 510 347 592 subrogationibus,
364 535 424 595 quo
446 515 485 580 de
501 535 617 594 genere
630 535 776 593 persoepe
796 525 1021 578 cenetensem·

75 621 166 678 culta
180 622 281 694 fiunt,
304 633 340 681 ut
362 642 460 702 uesper
480 621 549 680 de'
536 643 610 700 ipsa
633 623 700 699 lege
720 623 907 698 Calpurnia,
927 644 1059 731 ques

77 725 293 820 derogaretur.
322 725 434 785 Cicero
446 735 606 803 posuerat,
623 735 770 805 quattuor
789 745 854 785 esse
859 745 996 819 genera,

75 831 112 888 in
136 829 248 906 quibus
270 841 395 890 senatus
417 815 536 910 aliquid
559 831 599 890 de
620 831 741 908 legibus
762 839 933 906 statueret3
957 851 1000 892 ex

77 933 127 994 his
149 955 249 994 uuum
264 946 331 996 eret
354 939 393 996 de
415 937 536 1014 legibus
557 928 741 1018 abroganda
748 979 758 1011 ,
789 937 828 997 de
852 957 914 1016 quo
936 939 1000 999 iem

78 1041 170 1100 dixit.
216 1041 356 1120 Adparet
378 1039 536 1101 hominem
557 1041 728 1117 indoctum,
748 1062 852 1121 quum,
876 1046 915 1104 de
939 1064 1001 1123 qua

77 1167 115 1208 re
137 1159 302 1226 ageretur,
326 1159 436 1209 notare
459 1148 575 1220 vellet,
616 1166 674 1205 nec
697 1149 771 1206 satis
794 1170 863 1210 rem
879 1160 1002 1212 teneret

76 1247 136 1312 illa
158 1255 196 1312 de
218 1257 321 1334 legum
343 1252 602 1338 abrogationihue
627 1252 807 1326 addidisse,
828 1276 923 1334 quum
943 1257 1001 1317 Ci-

76 1378 152 1420 cero
184 1360 372 1440 scripsisset,
416 1359 573 1420 Asconius
602 1361 822 1445 excerpsisset3
862 1367 1002 1422 Tertium

78 1477 136 1534 est,
158 1465 196 1524 de
216 1487 275 1546 quo
288 1478 402 1548 genere
420 1471 476 1526 &c
530 1466 711 1527 Extremam
728 1465 820 1526 huius
834 1465 1002 1544 fragmenti

77 1577 201 1647 partem
227 1572 373 1632 vitiosam
392 1593 457 1631 esse
476 1579 580 1650 patet,
607 1592 717 1632 sanese
737 1591 802 1632 non
820 1591 955 1654 possum.
998 1571 1011 1594 '
1044 1569 1047 1583 '

112 1665 114 1673 ¹
171 1676 205 1734 P.
232 1677 295 1740 102
319 1673 395 1755 (965
418 1677 477 1740 Gr.
501 1674 543 1738 23
568 1674 654 1755 seh.)
682 1675 747 1736 haec
778 1697 818 1736 ex
841 1678 1002 1739 Ciceronis

78 1779 226 1842 cretione
241 1793 390 1861 excerpta
412 1760 587 1858 legunturs
619 1779 723 1848 Idem,
753 1781 819 1839 nisi
838 1782 906 1840 hoec
927 1787 1003 1861 ipse
1059 1801 1065 1806 ·

78 1887 146 1961 Iex,
173 1908 268 1966 quam
298 1891 332 1948 0.
360 1887 523 1948 Cornelius
547 1885 638 1955 tetta,
676 1881 862 1955 obstitisset,
895 1889 1003 1947 deere-
1049 1963 1053 1973 ¹

78 1994 195 2052 vissem
217 1993 262 2068 id,
286 1991 371 2072 quod
385 1991 499 2068 palam
522 1992 590 2069 iane
610 1991 668 2048 tstt
682 1988 859 2064 defensores
881 1994 1003 2052 iudici·

78 2117 171 2154 orum
188 2110 420 2174 pugnaverunt,
442 2098 566 2154 senatui
578 2114 640 2151 non
656 2095 834 2170 placerent
848 2097 1003 2158 iudicium

78 2202 118 2259 de
142 2203 240 2260 Sulloe
258 2200 347 2262 bonis
360 2204 443 2276 fieri
463 2206 518 2260 &e
566 2199 637 2258 Etsi
658 2198 783 2258 difficile
809 2208 856 2258 est
885 2201 919 2260 in
934 2201 1004 2261 fra-

79 2303 214 2384 gmentis
235 2303 275 2364 de
298 2305 347 2378 iis,
370 2325 437 2384 quae
457 2307 497 2368 sd
519 2315 618 2366 totam
638 2304 786 2364 cretionis
806 2308 1003 2383 perpetuits-
1031 2357 1038 2363 ,

79 2421 144 2471 tem
164 2411 342 2488 pertinent,
373 2411 494 2490 aliquid
515 2402 669 2488 statuere,
704 2409 757 2470 hic
777 2410 882 2472 tamen
891 2391 1017 2474 daris:

79 2517 156 2576 sime
177 2526 281 2595 patet,
319 2519 503 2580 sententiam
531 2518 692 2579 Ciceronis
718 2527 898 2596 corruptum
927 2539 1002 2578 esse.

79 2625 123 2686 Et
147 2627 212 2682 nisi
236 2623 376 2700 quidem,
409 2623 467 2682 etsi
490 2622 524 2682 in
541 2625 617 2686 edit.
646 2622 663 2686 I
686 2625 787 2711 deest,
802 2633 903 2684 reete
928 2644 1003 2685 saue

79 2728 222 2801 additum
241 2749 321 2805 esse,
338 2725 413 2790 'tota
435 2731 596 2790 sententie
624 2729 831 2819 censormatie
855 2731 1001 2808 declarat,

80 2857 139 2896 nec
156 2831 368 2914 infrequentes
393 2835 573 2898 huiusmodi
597 2836 837 2905 vocabulorum,
867 2838 1002 2913 merisne

79 2940 314 3020 particularum,
330 2942 508 3002 omissiones
530 2943 565 3000 in
582 2962 617 3001 ea
633 2941 698 3001 edit
712 2920 793 3001 sunt.
822 2938 882 3000 sed
900 2961 1001 3020 neque
1039 2929 1043 2937 ¹

79 3056 167 3110 recte
187 3047 328 3107 Cornelii
351 3059 502 3125 patronus
526 3048 585 3119 se,¹
615 3065 677 3123 quo
701 3046 801 3106 minus
827 3045 878 3120 id,
915 3050 1000 3124 quod

80 3153 198 3222 vellet,
221 3155 421 3227 decerneret,
456 3151 597 3213 Cornelii
616 3151 685 3228 lege
705 3151 888 3228 impeditum
913 3143 1015 3229 dicit,

78 3277 182 3336 neque
200 3258 309 3319 Cicero
328 3259 370 3318 id
365 3281 413 3342 se
432 3231 631 3318 decreturum
651 3257 746 3316 fuisse
772 3257 874 3317 dicere
886 3269 996 3336 petest,

81 3365 167 3444 quod
196 3374 304 3443 aperte
334 3365 370 3424 in
398 3363 538 3424 Cornelii
569 3363 759 3427 adversariis
782 3362 999 3440 reprehendit3

80 3471 139 3530 hos
159 3469 241 3528 enim
264 3469 429 3548 preclaros
455 3469 572 3530 scilicet
600 3469 788 3530 iudiciorum
809 3467 999 3543 defensores,

82 3577 138 3655 qni
160 3562 323 3654 tantopere
342 3575 522 3636 Cornelium
547 3577 635 3653 quasi
659 3576 847 3638 iudiciorum
870 3596 998 3635 everso-

82 3703 151 3756 rem
168 3683 369 3761 insectentur,
387 3701 448 3762 pre
467 3701 504 3744 ee
526 3681 648 3762 ipsese
671 3702 814 3764 pugnare
838 3683 899 3757 eit5
928 3692 996 3770 tum
